2842 5018
662 293 724 354 159

79 478 241 539 ctorem
264 472 378 552 lieri,
398 475 470 560 qui
491 492 668 560 puerum
689 475 730 538 in
752 469 983 540 liubulidis
1003 467 1165 536 domum
1188 466 1275 534 adc-

81 591 277 678 ptandum
302 592 549 661 dedissem.''

124 711 352 779 humolarias
376 711 466 790 hinc,
490 712 618 799 opinor,
643 711 675 777 id
698 708 784 798 quod
808 709 892 776 volui
917 708 1171 775 demonstratur.

123 830 268 918 lienique
291 827 525 897 abdicationem
549 839 580 898 ct
603 831 911 917 emancipationem,
936 828 963 895 si
987 827 1186 904 exstiterim,
1209 833 1272 891 ter-

78 951 203 1016 minum
228 950 371 1035 posuisse
395 950 517 1036 patriae
540 950 692 1037 potestati
717 970 780 1016 uon
804 946 960 1035 estquod
986 965 1144 1013 moneam.

596 1162 769 1175 *-

659 1335 693 1402 2.

238 1567 275 1612 uu
298 1564 464 1613 ttutaonutt
489 1565 564 1611 naua
588 1564 738 1612 almurus
762 1564 886 1610 otricus
909 1565 945 1610 ΕΤ
970 1563 1096 1610 tttntatJS.

117 1786 237 1851 Auctor
260 1786 415 1850 orationis
438 1785 593 1851 adversus
615 1782 808 1850 Eubulidam
824 1785 848 1871 ¹)
870 1791 983 1849 narrat
1002 1781 1214 1849 Athenienses
1233 1784 1266 1849 in

73 1902 266 1968 archontum
309 1902 495 1987 probatione
528 1903 700 1988 inquisisse
734 1910 844 1968 utrum
874 1902 930 1987 qui
965 1898 1125 1987 designati
1159 1910 1268 1968 essent

71 2019 187 2087 officiis
210 2040 285 2105 erga
309 2029 459 2105 parentes
478 2039 553 2086 suos
573 2019 735 2107 perfuncti
755 2027 863 2087 essent
884 2040 998 2097 necne,
1017 2027 1115 2109 atque
1135 2020 1265 2088 Aeschi-

70 2139 166 2226 nes²)
201 2140 302 2225 legem
334 2138 375 2206 de
407 2145 571 2205 oratorum
602 2139 821 2225 exploratione
852 2140 896 2206 ita
928 2159 962 2206 se
995 2139 1145 2207 hahuisse
1168 2139 1265 2209 dicit:

71 2261 119 2325 ‚si
150 2261 224 2343 quis
255 2258 380 2344 publice
413 2258 508 2326 rerba
538 2257 643 2325 lacere
675 2258 768 2336 velit,
801 2259 857 2344 qui
888 2268 1013 2345 patrem
1045 2267 1102 2324 aut
1126 2266 1263 2326 matrem

68 2379 216 2444 verberat
247 2386 302 2444 aut
335 2397 396 2442 non
427 2377 483 2443 alit
507 2386 564 2443 aut
588 2379 628 2444 iis
652 2377 783 2444 domum
806 2399 869 2444 non
891 2378 1022 2465 praehet
1044 2378 1131 2445 huuc
1155 2381 1264 2448 couci·

70 2501 161 2564 onari
185 2517 246 2563 non
272 2499 385 2564 sinit.'’

112 2618 194 2683 Loco
225 2618 392 2683 notissimo
415 2618 723 2685 commentariorum
747 2618 786 2685 de
811 2617 942 2686 Socrate
967 2618 1140 2706 Xenophon
1155 2617 1180 2706 ³)
1207 2619 1261 2686 So·

68 2744 190 2802 cratem
227 2755 300 2802 oum
339 2736 403 2802 tilio
437 2736 671 2825 colloquentem
706 2735 832 2805 inducit
867 2737 906 2804 de
941 2738 1024 2804 malo
1059 2737 1157 2804 huius
1183 2758 1261 2824 erga

66 2864 202 2923 matrem
235 2857 359 2933 animo,
394 2858 450 2942 qui
487 2877 561 2924 eum
593 2858 725 2923 iamiam
760 2857 887 2944 publica
921 2876 1050 2945 quoque
1082 2859 1259 2943 ignominia

65 2973 241 3042 allecturus
271 2986 369 3050 essct;
401 2996 462 3042 nau
493 2978 641 3053 nescis‚'’
664 2985 757 3062 pater
780 2976 904 3061 inquit,
931 2975 1114 3042 »civitatem
1138 2978 1259 3062 ingrati

64 3095 193 3181 quidem
218 3095 252 3159 iu
277 3094 356 3162 alios
377 3097 478 3163 animi
502 3097 660 3163 rationem
684 3095 800 3162 habere
825 3093 944 3160 nullam
966 3114 1071 3184 neque
1089 3103 1258 3182 propterca

62 3216 220 3281 actionem
241 3214 332 3293 dare,
355 3215 410 3282 sed
432 3235 494 3282 non
515 3235 631 3284 curare
652 3217 681 3282 si
701 3216 775 3302 quis
794 3213 1257 3301 beneficiisalfeotusgratiam

61 3333 182 3400 celerat
205 3334 339 3408 nullam:
365 3342 397 3401 at
421 3336 447 3400 si
473 3336 546 3422 quis
571 3343 719 3422 parentes
742 3353 805 3400 nou
830 3333 931 3412 cotan,
954 3354 1029 3401 cum
1053 3356 1153 3422 poena
1173 3337 1256 3404 rnul-

60 3463 131 3522 tare
161 3457 384 3541 reiectumque
417 3457 629 3541 magistratus
652 3456 741 3522 obire
764 3474 827 3521 non
854 3455 935 3539 pati,
961 3453 1045 3540 quod
1069 3474 1121 3520 res
1144 3475 1255 3522 sacrae

65 3614 266 3641 nun—nhut—

97 3740 127 3807 1)
147 3736 308 3806 [Demosth]
329 3739 451 3807 p1320,
472 3737 486 3803 h
509 3739 551 3788 70.

96 3827 127 3896 2)
145 3842 167 3878 c.
192 3823 260 3878 Tim.
287 3827 351 3895 pl,
379 3824 392 3892 h
415 3825 466 3885 283
491 3821 518 3874 in
538 3823 644 3876 cratoris
661 3820 790 3875 vocabulis
811 3820 947 3875 laudandis
966 3829 1072 3874 secutus
1091 3839 1150 3875 anm
1170 3824 1254 3878 nescio

56 3911 133 3966 cuius
161 3910 368 3966 emendationem
400 3910 523 3965 vocabula
553 3909 602 3959 ada
629 3909 660 3976 ἐᾷ
689 3908 859 3978 δημηγσρετν
877 3927 938 3963 com
960 3906 1008 3961 levi
1031 3909 1179 3964 mutatione
1197 3922 1254 3984 post

55 4000 163 4066 vireques
182 4000 387 4072 transponentis3
405 4017 459 4074 quc
480 3998 550 4052 enim
570 3996 624 4051 looc
641 4016 711 4050 nunc
732 3997 867 4068 leguntur:
888 3998 967 4054 vivus
981 3996 1009 4046 δ’
1030 3995 1079 4046 adn
1099 3995 1168 4064 qim
1190 3999 1253 4051 dcta

55 4087 165 4155 Myron
183 4086 248 4145 τοὺς
264 4087 384 4157 αἰσχρῶς
398 4085 587 4150 βεβιωκότας·
606 4086 723 4139 τούτους
737 4083 787 4132 οὐκ
803 4084 834 4152 ἰᾷ
852 4083 1034 4153 δημηγορεῖν.
1045 4086 1155 4138 autnon
1166 4092 1251 4141 τοῦτο

55 4169 151 4235 δηλῶ
181 4168 349 4231 δοκιμασία,
371 4171 450 4237 φησι,
469 4167 590 4235 ρητόρων
608 4165 655 4216 aci
680 4165 755 4219 nullo
781 4167 856 4221 modo
879 4168 999 4240 explicari
1027 4181 1141 4243 possunt.
1180 4178 1253 4244 Quae

55 4277 116 4312 mox
136 4257 263 4331 leguntur
282 4258 383 4306 accim
400 4256 449 4306 οὐκ
467 4257 498 4325 lq'c
512 4255 602 4320 λέγω
621 4256 651 4308 in
669 4265 770 4308 textum
791 4254 962 4328 irrepserunt,
983 4267 1118 4332 postquam
1139 4261 1252 4333 genuina

56 4349 159 4398 τοῦτον
178 4345 228 4394 cain
248 4347 279 4413 ἐᾷ
297 4346 466 4414 δημηγορεῖν
485 4346 572 4399 locum
592 4352 739 4398 mutarunt.

95 4438 127 4508 a)
147 4439 187 4502 u,
207 4439 239 4503 2,
261 4440 303 4490 13.
