2842 5018
670 269 731 331 155

158 451 274 517 'l'otunr
299 450 404 516 locum
429 448 600 536 descripsi,
629 470 690 515 non
718 459 752 517 nt
775 451 907 516 atticam
931 448 1033 536 legem
1058 472 1235 540 proponere
1258 455 1304 519 vi·

111 568 222 647 dener,
242 567 296 634 sed
319 577 355 634 ut
376 576 545 655 appareret
566 568 743 655 philosophi
764 570 952 635 institutum
971 570 1176 638 nobismulto
1189 574 1303 639 melius

111 690 278 774 cognitum
303 707 373 754 esse
397 708 494 775 quam
520 708 632 754 verum
657 689 739 754 iuris
762 690 853 755 attici
874 690 1079 768 institutum,
1100 698 1132 756 et
1151 700 1188 756 ut
1206 693 1303 759 simul

111 827 258 875 caverem
290 827 330 873 ne
361 809 434 894 quis
466 816 585 874 temere
616 827 655 874 ex
684 806 861 894 philosophi
886 807 955 893 lege
979 808 1073 875 vellet
1094 808 1221 876 efficere
1240 830 1303 899 quo

112 929 205 996 modo
226 927 360 994 Athenis
380 927 538 993 abdicatio
557 903 662 994 locum
682 927 842 994 habuerit.
890 926 980 1008 Quae
991 927 1129 1015 denique
1140 929 1303 999 Luciacus

111 1051 143 1114 in
169 1047 324 1115 Abdicato
347 1048 447 1115 refert
471 1049 552 1114 ioris
576 1050 724 1115 instituta
748 1049 787 1114 de
811 1047 1011 1116 abdicatione
1033 1049 1087 1116 hic
1110 1051 1143 1114 in
1168 1071 1303 1118 censum

111 1171 221 1237 venire
244 1175 423 1255 nequeunt;
446 1177 523 1234 sunt
546 1168 634 1234 enim
658 1187 747 1234 mera
771 1168 932 1255 sophistae
955 1169 1106 1255 figmenta
1127 1169 1213 1236 nulla
1234 1169 1303 1256 lego

111 1290 259 1357 nitentia.

155 1411 261 1478 Unum
295 1415 421 1475 tantum
449 1427 489 1475 ex
511 1407 757 1474 Atheniensium
780 1406 915 1475 historia
938 1417 1050 1476 notum
1075 1417 1123 1476 est
1145 1407 1302 1475 abdicati-

110 1531 181 1596 onis
212 1528 393 1615 exemplum
425 1527 664 1605 Themistoclis,
695 1527 780 1614 quod
811 1536 920 1595 tamen
951 1549 970 1595 a
1001 1528 1172 1596 Plutarobo
1187 1528 1210 1616 ¹)
1237 1531 1300 1595 ianr

109 1648 278 1716 refellitur.
324 1646 506 1714 Cornelium
536 1647 688 1734 Nepotem
703 1648 728 1736 ²)
762 1649 790 1714 si
821 1649 985 1728 audimus,
1018 1658 1150 1736 apatre
1172 1648 1301 1716 exhere-

111 1769 206 1835 datus
237 1775 302 1845 est,
333 1768 419 1853 quod
442 1776 567 1845 tamen,
591 1767 641 1832 vel
664 1769 891 1852 praetermissa
914 1770 1132 1835 controversia
1155 1768 1194 1834 de
1214 1767 1301 1834 abdi·

113 1888 249 1953 cationis
272 1884 358 1951 lama
377 1887 461 1951 sitne
484 1887 614 1950 omnino
637 1904 713 1951 vera
737 1905 858 1963 annon,
878 1887 988 1952 minus
1007 1895 1158 1953 accurate
1178 1885 1301 1955 dictum

113 2014 176 2081 est,
210 2023 284 2069 nam
312 2002 514 2070 exheredatio
539 2013 664 2069 tanturn
691 2011 760 2090 post
783 2007 886 2090 patris
908 2005 1031 2072 obitum
1055 2004 1159 2072 locum
1184 2006 1301 2073 habere

111 2132 232 2213 potest,
255 2123 414 2190 abdicatio
437 2130 544 2190 autem
570 2123 606 2188 fit
629 2129 720 2210 patre
743 2125 815 2189 vivo
829 2125 865 2212 ³).

156 2245 271 2312 Omnia
294 2263 376 2330 quae
399 2250 525 2310 exstant
549 2243 732 2309 testimonia
756 2241 795 2309 de
817 2243 1018 2311 abdicatione
1041 2264 1115 2311 cum
1140 2245 1300 2312 contrabi·

75 2431 79 2440 ,
111 2386 203 2443 mus,
223 2363 384 2430 fateamur
404 2383 534 2431 necesse
553 2372 602 2430 est
622 2363 719 2429 huius
740 2364 886 2430 instituti
902 2364 1071 2432 scientiam
1092 2363 1159 2432 lere
1179 2365 1299 2432 nullam

110 2507 196 2565 esse,
230 2493 327 2571 atque
356 2484 402 2549 ita
434 2483 564 2570 quidem
597 2491 633 2548 ut
657 2502 697 2550 ne
721 2491 862 2550 statuere
886 2483 1015 2570 quidem
1039 2487 1200 2572 possimus
1222 2505 1301 2553 num

112 2605 191 2672 illud
235 2607 286 2670 ius
320 2622 433 2670 revera
469 2603 641 2669 exstiterit.
705 2602 738 2669 Si
770 2623 846 2669 vero
879 2604 1020 2681 exstitit,
1054 2603 1137 2690 quod
1173 2612 1304 2690 propter

112 2745 261 2811 magnam
287 2724 546 2791 testimoniorum
571 2724 693 2810 copiam
718 2732 749 2790 et
773 2723 913 2791 Platonis
938 2743 975 2790 ea
997 2723 1037 2790 de
1058 2744 1094 2791 re
1115 2725 1301 2790 institutum

111 2846 286 2913 verisimile
305 2843 449 2920 videtur,
469 2844 577 2929 rogari
596 2850 701 2930 potest
719 2863 778 2909 cur
797 2843 882 2930 apud
901 2852 1026 2911 veteres
1043 2845 1129 2931 ipsos
1142 2863 1302 2930 nusquam

52 3017 53 3022 η
110 2964 293 3052 exemplum
312 2961 523 3028 abdicationis
543 2969 707 3038 occtnrat;
727 2962 919 3049 respondere
932 2963 1128 3050 placetlsaei
1141 2962 1246 3029 verbis
1259 2962 1302 3049 ⁴):

113 3104 245 3152 »omnes
274 3083 415 3149 animant
449 3081 608 3166 agitantes
637 3080 747 3148 sedulo
778 3089 892 3148 cavent
922 3082 1001 3161 hoc,
1027 3091 1063 3148 ut
1085 3081 1201 3148 domus
1225 3100 1303 3157 suae

113 3205 273 3273 desolatae
296 3221 336 3269 ne
359 3200 457 3278 fiant,
482 3200 537 3267 scd
559 3209 596 3267 ut
620 3203 662 3267 sit
685 3203 741 3288 qui
766 3201 915 3268 manibus
938 3204 1006 3270 suis
1030 3201 1162 3268 inferias
1186 3199 1304 3268 inferat

112 3333 145 3393 et
175 3324 299 3408 reliqua
330 3322 416 3387 iusta
446 3319 559 3396 laciat;
586 3330 799 3410 quapropter,
824 3323 851 3388 si
876 3324 932 3409 qui
956 3322 1107 3409 improles
1129 3321 1192 3408 ipsi
1216 3322 1301 3400 sint,

113 3454 221 3511 tamen
254 3442 336 3508 lilios
364 3440 425 3507 sibi
450 3460 505 3529 per
527 3441 729 3528 adoptionem
753 3449 919 3527 arrogatos
941 3441 1076 3508 heredes
1099 3440 1303 3526 relinquunt;

112 3585 216 3651 neque
238 3562 391 3650 privatim
414 3559 507 3626 modo
531 3563 576 3626 ita
596 3560 790 3639 decernunt,
811 3562 866 3628 sed
887 3562 956 3647 ipsa
975 3578 1101 3646 quoque
1120 3557 1301 3645 respublica

113 3684 197 3751 idem
228 3691 336 3748 ratum
370 3656 582 3766 sanctumque
612 3680 713 3745 voluit
743 3699 828 3755 esse;
858 3678 927 3764 lege
948 3679 1034 3744 enim
1061 3676 1225 3744 mandavit
1248 3697 1300 3744 res

112 3803 239 3890 publica
263 3801 429 3877 archonti,
454 3808 491 3867 ut
514 3797 677 3886 provideat
700 3819 740 3865 ne
763 3819 844 3884 quae
868 3797 982 3865 domus
1005 3797 1164 3864 desolatae
1187 3796 1299 3864 fiant.”

112 3973 323 3986 m-

149 4072 179 4139 1)
209 4066 332 4121 'l'bemist
358 4083 380 4118 c.
401 4069 433 4131 23
462 4062 661 4118 Themistoclem
681 4083 697 4118 a
714 4073 787 4136 patre
805 4063 958 4121 abdicatum
975 4083 1028 4122 esse
1041 4062 1300 4136 (ἀποκηρυχθῆναι)

111 4156 224 4210 tradunt
241 4154 357 4208 Valerius
376 4155 439 4208 Max.
460 4156 507 4220 Vl,
528 4155 558 4221 9,
575 4163 626 4208 ext.
645 4157 661 4207 2
679 4162 705 4206 et
721 4153 820 4210 helian.
842 4157 881 4224 11,
902 4157 946 4210 12.

149 4239 179 4315 2)
198 4245 225 4297 in
247 4244 316 4309 vita,
335 4242 357 4296 r.
378 4246 403 4296 1.

149 4335 179 4404 3)
198 4332 231 4387 cf.
250 4353 273 4406 p.
285 4335 352 4398 125,
373 4349 398 4385 n.
418 4335 445 4384 1.

149 4425 178 4494 d)
197 4421 228 4475 de
249 4419 333 4494 apoll.
352 4416 406 4474 hor.
426 4437 451 4492 p.
463 4421 511 4486 66,
532 4421 546 4487 h
568 4423 610 4474 30.
