2842 5018
703 260 765 321 150

154 452 279 514 serrato
313 451 361 509 cst
395 442 434 508 ab
467 441 626 528 antiquis,
663 440 889 526 Aristogitonis
912 441 935 528 ¹)
974 441 1085 513 unius;
1121 440 1236 506 harum
1270 461 1348 510 vero

152 566 233 632 nulli
265 562 373 630 invida
404 569 491 628 aetas
523 561 676 648 pepercit.
725 561 762 625 ln
786 581 844 626 sua
867 562 968 647 ipsius
992 576 1087 626 causa
1112 560 1348 628 Demosthenes

152 693 290 771 quatuor
321 681 479 749 eiusmodi
509 682 669 748 orationes
701 680 814 748 hahuit
826 681 872 768 ²),
905 700 985 766 quas
1017 696 1128 746 omnes
1152 682 1349 766 superstites

152 824 221 871 esse
252 802 442 889 gaudemus.
488 803 526 869 ln
549 800 666 867 labulis
688 802 794 886 magis
816 800 956 866 secunda
979 820 1037 865 nos
1063 819 1138 866 usos
1159 799 1261 865 luisse
1285 799 1350 866 ior·

152 933 232 1014 tuna
255 922 386 1002 vellem,
409 931 445 988 at
466 922 570 1006 magis
593 921 690 987 etiam
715 920 849 985 adversa
872 928 938 996 cst;
967 937 1070 1004 neque
1093 921 1181 985 enirn
1202 919 1349 986 Alexidis

151 1040 335 1123 Ἐπιτρόπου
354 1043 381 1127 ³)
416 1060 520 1128 neque
554 1039 675 1126 Diphili
707 1042 895 1122 Ἐπιτροπῆς
906 1037 934 1127 ⁴)
969 1039 1145 1126 quidquam
1181 1048 1348 1126 superest,

150 1161 236 1248 quod
259 1163 292 1227 in
317 1181 352 1228 re
375 1171 485 1227 nostra
508 1159 643 1247 dignum
668 1161 726 1237 sit,
748 1159 832 1245 quod
855 1167 1138 1226 commemoretur.

194 1281 243 1347 Ex
275 1289 365 1348 tauta
393 1283 485 1367 copia
511 1301 587 1346 cum
610 1279 677 1346 fere
700 1279 780 1345 nihil
804 1280 946 1366 supersit
968 1286 1097 1365 practer
1120 1277 1347 1363 Demosthenis

148 1401 328 1479 orationes,
347 1399 399 1466 his
423 1401 564 1466 maxime
587 1398 691 1465 adiuti
715 1399 799 1465 hanc
821 1400 903 1464 iuris
924 1400 1016 1465 attici
1034 1407 1160 1486 partem
1179 1397 1346 1465 illustrare

148 1519 350 1586 conabimur.
398 1517 571 1586 ordiemur
601 1525 729 1595 autem,
760 1526 797 1585 ut
827 1519 928 1584 moris
959 1527 1036 1596 est,'
1055 1517 1094 1584 ab
1126 1520 1232 1604 ipsius
1254 1517 1346 1584 verbi

150 1639 234 1726 quod
258 1638 318 1704 hac
341 1641 375 1704 in
400 1658 516 1724 repro
540 1637 749 1703 fundamento
773 1636 956 1704 habendum
980 1646 1029 1704 est
1053 1637 1277 1724 explicatione.

194 1758 337 1825 Verbum
368 1759 539 1839 ἐπιπρέπειν
569 1759 698 1844 proprie
730 1757 851 1824 iudicat
874 1760 1148 1825 committere
1170 1757 1340 1843 aliquid

146 1877 336 1945 alterius
354 1897 483 1946 curae
502 1877 567 1944 rel
587 1877 792 1966 arbitrio⁵)
814 1885 847 1944 et
867 1876 1150 1963 frequentissimus
1171 1879 1243 1944 cius
1262 1893 1344 1944 usus

87 2066 90 2071 ,
147 2006 197 2064 cst
222 2000 254 2062 in
277 1997 345 2063 loro
369 1999 485 2076 attico,
509 1996 597 2064 velut
619 1997 789 2079 ἐπιτρέπειν
809 1998 948 2077 δίαιταν,
970 1999 1143 2075 decretores,
1167 1997 1346 2080 ἐπιτρέπειν

148 2120 309 2203 διαιτητῇ,
342 2117 542 2200 δικαστηρίῳ,
574 2116 644 2183 rell.
690 2116 769 2183 lude
798 2118 826 2182 is
850 2119 908 2202 qui
931 2117 1144 2183 moribundus
1165 2116 1344 2184 liberorum

144 2256 281 2303 suorum
304 2256 418 2304 curam
440 2237 535 2304 alteri
557 2237 734 2305 committit
756 2235 877 2302 dicitur
896 2235 972 2303 huie
993 2255 1049 2302 eos
1067 2235 1251 2318 ἐπιτρέπειν.
1296 2235 1345 2303 lta

146 2357 259 2423 saltem
280 2357 530 2442 Harpocratione
549 2364 631 2422 teste
644 2356 669 2443 6)
690 2357 804 2443 Lysias
824 2357 857 2420 in
879 2355 1022 2422 oratione
1042 2355 1198 2422 adversus
1219 2363 1343 2422 tutores

145 2475 260 2541 Boonis
284 2474 458 2542 liberorum
485 2495 563 2541 usus
586 2483 640 2541 est
657 2475 817 2542 locutione
840 2474 1173 2557 tenerescentium
1196 2495 1257 2561 pro
1279 2477 1341 2541 ἐπι-

144 2593 271 2677 τρόπους
295 2595 497 2671 uariorum.
545 2594 624 2660 Cum
649 2612 723 2660 vcro
747 2594 826 2660 hacc
851 2591 1003 2660 vocabula
1028 2601 1154 2661 tantum
1180 2613 1199 2661 a
1223 2594 1340 2661 lexico·

144 2714 270 2802 grapho
290 2688 420 2781 laicata
444 2715 527 2793 sint,
554 2713 727 2780 diiudicari
750 2715 862 2800 nequit
886 2713 1028 2783 fueritne
1050 2715 1110 2782 hoc
1134 2714 1203 2781 loco
1228 2734 1339 2782 revera

143 2852 252 2900 sermo
287 2833 327 2900 de
361 2843 506 2900 tutorum
538 2834 752 2901 institutione.
801 2832 888 2901 Fieri
924 2835 1012 2900 eninr
1044 2842 1148 2921 potest
1179 2843 1340 2901 oratorem

145 2974 243 3021 rusum
273 2973 342 3020 esse
366 2953 428 3020 isto
451 2954 604 3020 vocabulo
628 2953 738 3020 eadem
764 2952 998 3040 significatione
1022 2973 1085 3042 qua
1108 2954 1339 3021 Demosthenes

145 3092 227 3140 usus
245 3081 310 3148 est,
332 3073 463 3161 cum⁷)‚
480 3080 519 3139 ut
538 3074 682 3140 eiusdem
702 3073 919 3160 lexicographi
939 3074 1047 3140 verbis
1067 3081 1141 3140 utar
1152 3075 1199 3160 ⁸),
1219 3075 1253 3141 in
1266 3093 1339 3142 ora·

181 3260 212 3326 1)
233 3254 308 3305 seed
324 3252 470 3321 Θρασύλον
488 3252 639 3322 ὄρφιινιιιός.

179 3346 212 3416 2)
230 3345 303 3398 Duae
325 3352 403 3398 oratt.
425 3351 517 3398 contra
541 3344 679 3418 Aphobum
702 3352 731 3397 et
747 3343 816 3396 duae
834 3341 893 3397 ads.
916 3343 1064 3397 Onetorem.
1102 3346 1239 3399 Praeterea
1257 3352 1339 3401 exsut

142 3433 227 3491 oratio
254 3432 312 3488 adr.
341 3430 495 3504 Aphobum‚
525 3433 592 3507 ques
611 3431 790 3487 Demosthenis
808 3449 860 3486 esse
880 3449 932 3485 non
948 3439 1046 3503 potest,
1064 3428 1098 3486 cl.
1111 3431 1246 3503 Sedecim
1266 3436 1331 3490 Deua

143 3539 169 3576 u.
189 3538 209 3576 s.
229 3540 253 3576 z.
271 3523 327 3588 111,
347 3522 381 3588 2,
404 3523 440 3574 m
458 3538 513 3595 sqq.

179 3615 213 3681 e)
230 3608 325 3664 selon.
346 3612 384 3677 x,
406 3613 504 3683 psas.
523 3613 552 3664 r.

140 3723 143 3728 ·
179 3701 211 3770 4)
230 3697 345 3753 Amisit.
364 3702 391 3752 B.
411 3702 442 3752 A.
462 3702 506 3752 Gr.
523 3699 608 3772 pse:
627 3696 837 3764 ricemerem,
855 3695 973 3755 Δίφιλος
989 3694 1163 3768 Ἐπιτροπῆ,
1175 3698 1236 3756 used
1250 3699 1340 3776 lepor.

142 3787 226 3843 mirus
249 3796 289 3842 est
316 3785 444 3862 planeque
469 3785 582 3840 insolens
598 3783 701 3841 fabulae
719 3784 825 3840 titulus.
863 3789 958 3861 ltaque
972 3794 1022 3840 aut
1039 3782 1206 3856 Ἐπιτρόπῳ
1224 3787 1339 3843 scribon·

140 3877 208 3933 dem
227 3875 333 3931 ridmur
351 3885 399 3930 sut
418 3874 595 3944 Ἐπιτροπετ.
629 3873 806 3944 Ἐπιπροποι
823 3873 928 3948 scripsit
940 3875 1021 3931 etiem
1037 3875 1136 3946 Alexis,
1151 3874 1344 3946 Ἐπιτρέπου-

140 3981 195 4024 we
212 3965 363 4033 sonanter,
379 3984 448 4041 queo
466 3965 556 4019 vitiose
574 3963 700 4018 scribitur
712 3961 1073 4037 Ἐπιτροπεύςπραάεὼοί.
1085 3963 1216 4040 Απὶιιορῑι.
1227 3964 1342 4023 Acheru.

141 4056 244 4110 „141”
280 4053 409 4123 mische,
430 4054 491 4108 hist.
505 4053 566 4108 crit.
584 4072 650 4108 eom
670 4073 709 4127 gr.
726 4075 749 4127 p.
761 4059 824 4110 tut.

180 4146 211 4215 5)
230 4141 359 4197 Demosth.
378 4161 400 4197 c.
421 4143 520 4217 Aphob.
540 4147 566 4211 l,
591 4163 614 4215 p.
627 4147 695 4211 830,
715 4147 730 4215 ᾗ
750 4149 794 4200 55.

180 4233 211 4300 6)
230 4250 252 4285 v.
273 4230 424 4299 ὃποτροπήι
442 4231 474 4302 (l.
493 4230 679 4305 inruptum„
699 4231 730 4289 ef.
749 4232 842 4290 §uides
862 4234 890 4290 in
910 4253 932 4289 v.
952 4232 1120 4303 lerurgiam.

180 4321 211 4388 r)
230 4338 252 4372 ο.
271 4318 369 4392 speon.
393 4325 418 4386 r,
438 4323 543 4393 pora,
564 4324 580 4392 p
599 4326 624 4376 1.

181 4409 210 4477 8)
231 4408 349 4482 llarpocr.
371 4408 409 4464 l.l.
