2842 5018
687 274 729 336 98

116 466 221 526 maier
252 459 389 527 oratoris
418 465 483 533 esl3
511 455 564 522 hio
588 457 622 521 in
647 456 791 525 oratioue
814 477 873 524 sua
897 459 959 525 ila:
986 457 1195 526 »Aristarcho
1221 465 1314 545 patro

115 577 267 646 deiunclo
287 576 501 645 Demochares
523 576 628 644 iaetus
652 585 701 644 est
724 577 818 645 heras
840 579 1040 666 parcimonie
1061 598 1137 646 cum
1157 598 1237 644 vero
1255 579 1313 646 De·

110 694 283 766 mochares
312 697 418 765 inians
451 705 600 765 morinus
631 705 731 777 esser,
763 706 834 765 lum
865 699 964 766 etiam
989 697 1091 766 altera
1114 717 1222 778 soror,
1246 698 1313 765 sola

115 818 229 886 relicta
252 818 314 886 luit
338 818 565 885 universarum
589 836 686 903 opum
710 816 804 884 heres
826 837 898 885 mea
921 819 1058 886 maler.”

109 973 114 978 ·
159 939 277 1007 Fieri
297 937 437 1005 tamen
457 946 630 1025 poterat
651 946 695 1004 ul
715 936 948 1024 adoptatus
967 939 1181 1025 reciperet
1201 957 1313 1024 agna·

114 1060 251 1127 lionis
269 1061 364 1127 iura
383 1069 510 1145 alque
530 1067 762 1145 propterea
780 1059 852 1124 ius
872 1057 1133 1126 succedendi
1154 1059 1194 1124 iu
1217 1059 1313 1126 bona

111 1189 317 1268 paterna,
342 1177 520 1246 soilioel
543 1179 578 1246 si
602 1177 818 1246 rediisset
840 1179 882 1244 in
905 1178 1068 1247 domum
1092 1179 1312 1246 naturalis

114 1301 275 1387 patris,
301 1298 385 1386 quod
410 1301 474 1366 iam
498 1297 606 1385 paullo
629 1306 705 1366 anie
724 1298 875 1366 vidimus.
924 1298 1056 1366 Duobus
1074 1307 1187 1366 autem
1210 1299 1311 1367 modis

114 1420 174 1486 lroc
204 1419 421 1501 efficiebatur,
453 1438 592 1506 quorum
622 1418 724 1484 allero
754 1417 883 1504 adoptio
910 1417 1102 1506 simpliciter
1124 1418 1311 1487 tollebatur.

115 1540 307 1628 Exemplum
342 1539 432 1606 dabit
467 1538 697 1607 Demosthenes
721 1538 769 1626 ¹),
804 1558 824 1604 a
859 1558 922 1625 quo
953 1537 1111 1605 discimus
1142 1539 1313 1626 adoptione

112 1659 242 1728 sublala
265 1663 362 1727 eliam
388 1659 496 1726 omnia
520 1678 603 1746 quae
623 1657 697 1725 iude
717 1659 808 1746 sequi
828 1660 953 1745 possint
972 1659 1051 1725 tolli.
1098 1658 1225 1726 Deinde
1244 1658 1313 1745 lege

112 1779 232 1848 licebat
263 1779 414 1866 adoplalo
444 1779 477 1843 in
509 1795 602 1844 suam
633 1777 740 1844 redire
770 1777 901 1845 domum
927 1778 992 1844 lilio
1017 1779 1158 1846 naturali
1185 1782 1220 1845 in
1240 1780 1312 1846 ado

115 1902 238 1988 plantis
260 1899 355 1966 domo
377 1899 501 1965 relicto.
550 1897 639 1963 [lane
659 1917 786 1984 quoque
805 1897 909 1984 legem
932 1899 1051 1987 parlim
1073 1900 1139 1966 iam
1160 1900 1334 1966 tractavi.

114 2042 188 2088 mus
201 2021 243 2109 ²);
274 2039 360 2086 nunc
384 2016 518 2085 alteram
542 2016 709 2084 videamus
733 2026 869 2104 partem.
917 2019 1087 2086 leocrates
1112 2020 1249 2106 quidam
1271 2019 1311 2086 alr

111 2150 241 2209 oratore
254 2140 279 2229 3)
308 2139 428 2206 dicitur
451 2139 571 2206 iniuria
595 2148 697 2206 semet
722 2140 790 2226 ipse
811 2139 978 2226 adoplasse
1003 2141 1036 2206 in
1060 2140 1234 2207 Archiadis
1256 2139 1313 2207 do·

111 2282 219 2337 mum;
244 2261 341 2327 hunius
366 2269 472 2326 lamen
496 2259 598 2345 irater
620 2258 789 2347 llidylides
811 2258 1025 2328 familiaribus
1047 2281 1170 2328 morem
1196 2281 1313 2348 gerens

113 2385 143 2448 ei
168 2401 230 2447 non
255 2380 443 2446 aduersatus
465 2388 546 2447 eral.
596 2379 716 2446 Deinde
734 2379 905 2447 leocrates
924 2380 989 2446 lilio
1009 2381 1177 2448 Deoslrato
1198 2384 1233 2448 in
1254 2383 1312 2450 Ar·

113 2501 238 2568 ohiadis
269 2500 362 2566 domo
390 2500 503 2566 reliolo
527 2500 560 2565 in
583 2501 687 2586 palris
710 2500 868 2566 naturalis
893 2500 1204 2568 domumredierat.
1253 2501 1313 2568 llic

113 2641 190 2688 vero
214 2621 399 2687 Leostralus
423 2620 597 2685 revertitur
619 2619 653 2684 iu
677 2618 808 2685 domum
832 2621 937 2707 patris
960 2620 1118 2686 naturalis
1143 2615 1260 2688 relicto
1280 2623 1315 2687 in

112 2740 284 2808 ¹rirolriadis
315 2740 409 2806 domo
441 2739 507 2805 lilio
528 2738 708 2825 adoplalo,'
723 2740 769 2805 iia
794 2747 829 2805 ul
853 2747 1002 2826 perires
1026 2739 1177 2827 deinceps
1199 2760 1314 2827 perso·

80 2879 86 2887 ·
115 2882 173 2928 nas
194 2861 348 2949 primaria
367 2859 496 2946 adoplio
515 2867 628 2925 eontra
647 2859 734 2944 leges
753 2859 943 2926 confirmata
964 2861 1017 2927 sii.
1067 2860 1158 2941 »Quo
1176 2860 1313 2940 modo,'’

112 2990 206 3069 rogat
234 2989 361 3060 oralor,
393 2999 476 3045 »uon
508 2985 620 3045 contra
654 2979 799 3067 legesl),
832 2999 908 3045 oum
937 2979 1005 3066 ipse
1029 2980 1116 3046 filius
1139 2980 1315 3068 adoptatus

113 3103 215 3169 lilium
249 3101 437 3186 adoptatum
465 3099 651 3185 relinquens
675 3100 707 3164 in
733 3118 824 3164 suam
848 3102 1019 3166 reverterit
1043 3100 1224 3167 domum?''
1272 3105 1313 3170 at

112 3220 291 3290 cavendum
323 3230 372 3286 est
403 3239 442 3285 oe
473 3228 582 3284 orator
613 3218 703 3284 nohis
734 3219 896 3304 imponar,
926 3219 1004 3288 dum
1032 3221 1144 3287 subtili
1168 3222 1312 3308 quadam

110 3344 239 3409 -ralioue
269 3340 433 3424 audilores
464 3340 497 3404 iu
528 3358 670 3405 errorem
703 3337 857 3406 inducere
884 3349 1040 3407 conatur:
1075 3343 1190 3428 quaeri
1223 3346 1313 3411 enim

113 3470 217 3550 luciosi
238 3480 316 3526 num
336 3460 524 3526 Leoslralus
545 3460 606 3524 isle
627 3477 738 3524 revera
758 3466 871 3524 eontra
891 3457 976 3546 leges
997 3462 1118 3546 egerit,
1148 3482 1225 3528 oum
1248 3484 1314 3530 non

113 3586 182 3669 ipse
202 3590 286 3648 esser
307 3579 476 3647 Arolriadis
497 3579 582 3645 filius
601 3578 787 3666 adoptarum
810 3588 934 3666 patrem
951 3580 1089 3648 hahebat
1107 3583 1314 3659 Leooralem3

152 3842 181 3908 1)
201 3837 258 3891 adu.
277 3835 358 3909 Spud.
379 3855 403 3908 p.
416 3839 504 3902 1029,
524 3839 538 3904 ᾗ
560 3840 584 3888 l.

149 3932 179 3998 2]
199 3931 286 4000 p.83‚
306 3945 332 3979 n.
352 3929 377 3979 1.

149 4021 179 4086 8)
197 4015 359 4088 [Demadis]
378 4013 436 4068 adv.
457 4012 546 4067 Leoch.
566 4032 591 4086 p.
604 4014 692 4080 1087,
714 4017 728 4084 d
749 4019 784 4069 23
803 4033 860 4092 sqq.

150 4109 180 4176 4)
198 4103 237 4158 l,l,
263 4123 287 4177 p.
301 4107 389 4172 1100,
417 4104 432 4173 §
452 4105 502 4171 68,
523 4099 579 4151 ὅσον
596 4102 633 4166 μὴ
652 4101 818 4168 ἐπεποίηντο
836 4104 884 4154 ὅτε
899 4103 995 4155 Σόλων
1010 4105 1112 4169 einaim
1132 4109 1174 4165 alc
1189 4111 1242 4174 τὴν
1264 4110 1316 4178 ἀρ-

111 4197 175 4262 χὴν,
198 4193 298 4250 ἐξεῖναι
315 4191 412 4249 αὐτοῖς
430 4189 589 4241 διαθέσθαι
604 4189 673 4250 ὅπως
689 4191 723 4242 ἂν
741 4194 885 4243 ἐθέλωσιν·
906 4195 1027 4265 (immo,)
1048 4201 1106 4252 τοῖς
1122 4194 1155 4245 δὲ
1174 4201 1316 4263 ποιηθεῖ-

112 4302 154 4334 σιν
172 4284 222 4333 οὐκ
239 4282 297 4339 ἰξὸν
316 4279 490 4344 donuinam,
509 4277 578 4327 ἀλλὰ
595 4279 702 4344 ζῶντας
719 4281 954 4346 ἐγκαταλιπόντας
966 4285 1027 4334 υἱὸν
1041 4287 1154 4350 γνήσιον
1168 4286 1317 4337 ἐπανιέναι

109 4368 126 4432 ἢ
144 4364 367 4430 τελευτήσαντας
384 4359 553 4412 ἀποδιδόναι
569 4365 620 4427 τὴν
639 4362 821 4432 κληρονομίαν
839 4368 897 4423 τοῖς
914 4365 939 4421 ἐξ
957 4366 1043 4435 ἀρχῆς
1063 4368 1177 4427 οἰκείοις
1187 4353 1248 4420 οὖσι
1261 4372 1314 4420 τοῦ

109 4450 282 4515 ποιήσαντος.
