2842 5018
697 293 739 354 85

119 470 277 546 voluisse;
300 471 426 538 evolvas
450 479 628 539 extremam
653 474 831 540 orationem
852 471 925 539 adv.
947 470 1179 560 Leocharem1)
1201 479 1234 538 et
1255 471 1314 537 tibi

120 590 289 678 apparebit
314 611 352 657 ex
376 594 574 678 oppositione
598 592 827 659 vocabulorum
851 590 912 658 deor
936 595 981 672 μὴ
1001 593 1182 668 ἐπεποίηντο
1202 599 1235 658 et
1254 600 1316 666 τοῖς

118 711 150 776 δὲ
185 712 349 785 ποιηθεῖσιν
383 712 480 778 etiam
513 712 574 778 hoc
604 712 673 778 loco
706 732 890 779 sermonem
923 732 993 778 esse
1023 711 1141 778 debere
1171 710 1211 777 de
1243 710 1317 776 filiis

118 831 288 916 adoptatis.
335 830 520 898 Cavendum
552 832 653 918 igitur
686 852 725 898 ne
756 830 920 898 vocabulis
944 832 1138 899 sententiam
1162 828 1315 896 obtruda-

116 969 190 1016 mus
221 968 303 1037 quae
336 951 377 1016 iis
409 971 472 1016 non
505 952 601 1031 insit,
635 954 825 1038 praesertim
858 971 933 1017 curn
969 959 1123 1038 appareat
1155 958 1314 1017 oratorem

118 1070 234 1137 lusisse
265 1078 298 1136 et
333 1072 436 1137 civem
470 1071 669 1138 adscititium
704 1071 744 1138 dc
776 1071 938 1138 industria
970 1090 1047 1160 cum
1077 1070 1142 1137 tilio
1164 1070 1315 1157 adoptato

116 1189 314 1257 confudisse:
346 1188 399 1256 hic
432 1193 520 1258 enim
551 1192 602 1258 uti
634 1199 728 1278 patre
757 1190 876 1277 gaudet
909 1211 969 1255 non
1004 1190 1163 1268 naturali,
1192 1190 1238 1254 ita
1262 1188 1314 1254 ille

114 1309 275 1377 eiusmodi
298 1311 420 1395 patria;
452 1313 499 1377 sic
524 1311 627 1378 solent
648 1319 806 1385 oratores;
830 1310 942 1397 Lysias
955 1310 980 1398 α)
1006 1330 1035 1376 e.
1057 1329 1088 1395 g.
1113 1308 1193 1376 dicit
1218 1328 1313 1375 »eum

115 1429 177 1496 sihi
205 1429 306 1513 videri
331 1450 393 1496 non
420 1431 518 1498 semel
541 1439 670 1498 tantum
695 1432 775 1497 mori
801 1431 1054 1507 commeruisse,
1087 1429 1143 1515 qui
1166 1427 1253 1494 dicat
1277 1448 1311 1493 se

113 1571 132 1616 a
155 1550 271 1637 populo
296 1550 399 1617 civem
424 1571 493 1618 esse
516 1550 704 1639 adoptatum
729 1560 760 1617 et
784 1569 859 1616 eum
883 1559 992 1617 tamen
1016 1547 1189 1636 populum,
1213 1567 1311 1636 quem

113 1678 240 1757 patrem
274 1689 369 1738 suum
401 1681 509 1750 vocet,
543 1673 664 1738 iniuria
686 1669 831 1738 affecisse
855 1670 1036 1736 deseruisse
1058 1669 1253 1753 arguatur,”
1279 1675 1312 1735 ot

114 1791 284 1878 Lycurgus
297 1791 323 1878 3)
344 1800 453 1858 monet
475 1792 659 1868 »homines
681 1789 955 1877 quemadmodum
976 1808 1054 1872 erga
1074 1787 1237 1854 naturales
1261 1807 1312 1872 pa·

116 1916 227 1973 rentes
258 1916 291 1972 et
324 1908 489 1995 adoptivos
521 1929 631 1975 omnes
664 1881 728 1974 non
759 1926 861 1994 aeque
883 1891 949 1973 sint
972 1905 1135 1983 benevoli,
1160 1904 1200 1971 ad
1226 1904 1313 1973 hnnc

117 2024 249 2091 modum
283 2045 359 2110 erga
393 2027 538 2111 regiones
562 2047 644 2113 quae
668 2035 784 2093 natura
809 2045 866 2091 nos
889 2045 951 2091 non
977 2024 1137 2110 attingant
1162 2023 1217 2090 sed
1242 2034 1312 2111 post

116 2146 294 2232 acquisitae
317 2148 383 2212 sint
408 2148 517 2212 minus
541 2146 679 2232 benigne
703 2145 834 2213 allectos
856 2147 959 2212 esse.''

158 2266 357 2352 Interpretes
377 2265 416 2331 ad
437 2265 520 2331 hano
541 2269 679 2333 oratoris
700 2266 845 2333 fraudem
867 2286 907 2332 an
931 2265 1038 2331 lusum
1060 2264 1165 2332 dicam
1178 2265 1308 2331 omnino

113 2405 177 2453 non
209 2385 434 2461 attenderunt,
469 2386 554 2453 unde
586 2389 734 2473 sequitur
765 2407 876 2454 omnes
904 2386 1203 2471 interpretationes,
1227 2405 1310 2471 qvvae

113 2504 198 2592 quod
222 2505 289 2571 dixi
312 2505 521 2573 fundamenta
546 2508 709 2586 nitantur,
734 2506 829 2574 salsas
847 2527 927 2574 esse.
974 2505 1074 2572 Nihili
1095 2504 1242 2572 facienda
1262 2514 1311 2570 est

113 2626 235 2692 Reishii
268 2627 453 2692 coniectura
482 2629 544 2693 ista
570 2627 610 2692 ab
635 2635 762 2694 oratore
783 2628 851 2713 ipso
875 2625 1053 2713 explicandi
1079 2645 1177 2691 causa
1200 2623 1310 2691 addita

112 2766 181 2812 esse
206 2745 312 2812 scriba
335 2753 506 2832 postquam
527 2746 631 2833 legem
653 2747 850 2821 recitaverim
875 2766 947 2813 mox
969 2747 1057 2811 enim
1077 2753 1185 2812 orator
1205 2743 1309 2831 legem

113 2868 346 2952 interpretatur
365 2874 397 2933 et
416 2886 454 2933 ea
467 2869 635 2935 occasione
649 2866 805 2935 utendum
818 2875 902 2943 erat,
915 2866 1197 2951 siperspicuitatis
1210 2885 1309 2932 causa

112 2986 233 3073 aliquid
253 2985 371 3053 addere
390 2986 556 3053 voluisset.
605 2988 739 3075 Quoquo
762 2995 794 3054 te
819 2993 942 3062 vertas,
963 2986 1152 3051 innumerae
1172 2982 1307 3052 difficul-

113 3111 196 3170 tates
214 3110 246 3170 te
266 3104 425 3182 obruunt,
448 3105 600 3192 nullaque
619 3127 658 3173 ex
673 3095 714 3172 iis
726 3106 832 3173 verbis
844 3105 1003 3172 sententia
1015 3103 1088 3169 elici
1102 3110 1221 3189 potest;
1236 3103 1306 3171 lieri

112 3231 216 3309 potest
249 3230 284 3290 ut
314 3224 421 3292 hiatus
445 3224 535 3292 nobis
560 3227 704 3313 imponat
728 3235 784 3292 ant
808 3224 1064 3291 additamentum
1089 3224 1197 3290 nescio
1223 3225 1306 3292 unde

112 3346 250 3430 petitum
286 3346 319 3410 in
350 3345 431 3432 legis
463 3355 648 3413 contextum
681 3348 873 3433 irrepserit,
905 3353 938 3412 at
970 3346 1178 3432 interpretari
1210 3345 1307 3413 talem

111 3463 218 3531 locum
243 3465 327 3532 idem
351 3466 433 3533 duco
457 3476 553 3554 atque
578 3466 766 3555 Aethiopem
787 3467 911 3544 lavare,
929 3486 1030 3553 quare
1049 3467 1207 3553 optimum
1226 3465 1306 3532 fece-

110 3586 216 3650 rimus
235 3569 322 3652 hunc
341 3585 446 3652 locum
468 3588 508 3652 iis
529 3585 730 3663 adscribere,
752 3605 831 3671 quos
852 3584 1028 3650 insanabile
1049 3584 1165 3652 vulnus
1181 3585 1304 3652 alllixit.

155 3704 289 3790 Legitur
320 3704 449 3772 deinde:
475 3701 536 3770 ὅσω
560 3707 604 3783 μὴ
628 3705 808 3781 ἐπεποίηντο
832 3742 877 3754 —-
900 3703 953 3767 ‘roi
976 3705 1126 3768 ἑαυτοῦ
1151 3703 1304 3770 tractator

148 3917 178 3987 1)
198 3917 356 3987 [liemcule]
377 3919 498 3990 pilot),
519 3914 533 3985 p
555 3917 601 3968 68.
639 3917 713 3968 Nunc
736 3913 844 3968 demum
872 3912 944 3966 video
965 3930 994 3965 en
1012 3908 1184 3965 Solroemanni
1200 3911 1305 3966 adnota-

108 4004 181 4059 tione
206 4005 238 4059 ad
262 4011 378 4070 Isaeum,
402 4008 492 4077 pabo
517 4004 587 4057 huuc
613 4001 682 4056 illud
702 4001 759 4052 ὅσοι
776 4005 813 4067 μὴ
831 4000 999 4066 ἐπεποίηντο
1018 3998 1106 4054 eodem
1127 3998 1203 4054 modo
1222 4002 1305 4054 inter·

108 4103 245 4168 pretatum
265 4113 317 4148 esse
334 4095 363 4147 in
383 4111 491 4158 censura
510 4092 624 4146 Platneri
643 4089 704 4145 libri
724 4092 753 4144 in
772 4090 863 4146 Jahrb.
883 4088 1305 4159 fdrviscenoch.krit.a.1828‚

109 4193 176 4237 tm.
198 4186 223 4236 11
278 4187 361 4236 alc.

123 4202 177 4344 o2)
196 4203 323 4346 c’hpgor.
347 4274 449 4343 p.138‚
475 4270 559 4337 §913
587 4286 749 4343 quamquam
774 4266 875 4340 aliquot
903 4268 998 4322 desunt
1014 4266 1156 4337 vocabula,
1175 4268 1304 4323 sententia

90 4371 200 4417 tamen
220 4371 259 4416 est
278 4361 306 4414 in
326 4359 420 4432 aprico.
460 4357 551 4412 lteishe
570 4358 661 4414 inserit
680 4357 860 4419 πεποιῆσθαι.

149 4453 180 4521 3)
200 4469 221 4505 a.
241 4454 326 4505 Leocr.
346 4452 450 4523 p.153,
470 4449 484 4515 t
506 4451 549 4502 tv.
