2842 5018
742 266 784 327 81

170 456 256 516 tratu
276 448 368 524 licet,
389 448 451 512 nisi
472 447 544 532 quis
567 445 730 513 furoribus
752 457 807 513 aut
829 450 918 515 senio
939 457 994 515 aut
1017 451 1238 520 ueneficioaut
1252 452 1363 521 morlo

168 580 225 636 aut
260 567 405 634 mulieris
438 566 643 653 persuasione
675 574 731 633 aut
763 566 879 633 harum
915 567 1023 654 aliqua
1048 589 1145 637 causa
1168 571 1286 639 deliret
1309 583 1365 640 aut

167 690 359 757 necessitate
382 696 439 755 aut
458 686 597 753 vinculis
621 688 863 754 circumventus
887 690 965 756 sit.'’
1013 690 1179 778 Adscripsi
1199 691 1282 779 legis
1302 691 1364 758 lor·

167 807 454 888 mulam,utl1ao
479 806 592 873 saltem
617 808 783 874 occasione
807 807 978 895 probarem
1003 830 1114 878 sanam
1138 820 1281 878 mentem
1306 831 1363 879 nos

169 938 278 997 vetare
311 928 407 996 fidem
435 927 553 994 habere
586 927 627 993 iis
657 926 766 1012 legum
790 928 938 997 formulis
962 950 1044 1016 quae
1069 933 1101 998 in
1125 933 1235 1000 atticis
1259 939 1364 999 orato·

170 1049 261 1116 ribus
284 1056 412 1115 exstent
426 1048 463 1134 Ι).

213 1168 373 1236 Nonnulla
405 1169 630 1256 praemittam,
663 1186 745 1251 quae
778 1187 796 1233 a
825 1169 905 1234 uiris
929 1167 1032 1237 doctis
1056 1170 1116 1238 hac
1140 1171 1180 1239 de
1204 1170 1276 1258 lege
1300 1171 1364 1239 dis·

172 1298 285 1377 putata
318 1297 410 1355 sunt:
443 1289 572 1354 Hieron.
604 1287 697 1354 Woli
723 1288 877 1355 vocabula
909 1287 970 1355 door
1001 1292 1046 1370 pi
1079 1293 1260 1368 ἐπεποίηντο
1291 1291 1365 1359 ὥστε

171 1413 247 1490 μήτ’
277 1412 421 1475 ἀπειπεῖν
444 1409 520 1487 μήτ’
543 1407 779 1474 ἐπιδικάσασθαι
803 1409 1035 1495 interpretatus
1059 1418 1126 1476 est:
1153 1411 1294 1496 »quibus
1316 1413 1365 1478 ius

171 1531 313 1598 civitatis
346 1548 407 1594 non
440 1529 487 1594 ita
515 1527 626 1593 datum
652 1535 761 1594 estut
786 1546 843 1593 nec
868 1527 1018 1614 abrogari
1043 1549 1101 1597 neo
1126 1532 1160 1596 in
1184 1539 1366 1597 controver-

171 1653 251 1716 siam
283 1648 392 1713 vocari
424 1647 554 1733 queat.'’
601 1646 743 1712 Potitus:
778 1647 983 1735 »quicunque
1011 1650 1100 1716 cives
1122 1650 1279 1737 adscripti
1305 1671 1364 1717 non

172 1778 249 1836 sunt
269 1768 397 1834 nemine
416 1767 670 1833 controversiam
690 1764 754 1830 illis
774 1764 912 1833 iaciente
931 1766 970 1834 de
991 1767 1081 1835 bonis
1104 1777 1161 1836 aut
1178 1770 1300 1836 iudicio
1312 1789 1366 1838 ex·

171 1891 315 1976 periente
335 1889 437 1954 cett.”
485 1886 614 1952 Reislio
633 1905 670 1952 ea
695 1906 757 1951 non
782 1887 816 1951 iu
839 1886 908 1972 lege
933 1890 1054 1974 scripta
1077 1889 1176 1956 luisse
1198 1891 1366 1968 videntur,

172 2009 227 2076 sed
251 2008 290 2074 ab
315 2009 385 2093 ipso
408 2014 534 2073 oratore
557 2005 781 2092 explicationis
805 2010 910 2091 gratia
933 2008 1061 2087 addita,
1085 2017 1116 2075 et
1141 2011 1187 2076 ita
1212 2012 1367 2097 interpre

170 2138 277 2196 tatur:
302 2145 386 2213 »qua
407 2125 611 2212 adoptatione
632 2125 681 2192 vel
702 2127 1099 2212 arrogationeamiserunt
1112 2130 1166 2196 ius
1177 2131 1368 2200 excludendi

172 2268 253 2335 quos
277 2246 378 2313 velint
401 2265 459 2313 sua
483 2243 661 2313 hereditate
684 2254 740 2312 aut
762 2245 974 2314 hereditatem
996 2249 1194 2334 virginemre
1216 2249 1367 2319 heredem

95 2443 99 2449 ⁴
136 2369 139 2374 ’
173 2371 245 2436 iure
266 2366 433 2454 petendi.’'
480 2366 607 2431 Bunsen
620 2366 646 2451 ²)
669 2366 716 2431 sic
732 2367 1069 2455 vertitzoquiounque
1081 2369 1197 2436 adsciti
1211 2390 1275 2436 non
1288 2372 1369 2444 sint.

172 2498 209 2556 ut
234 2507 337 2575 neque
361 2485 531 2553 excludere
556 2485 734 2575 (cognatos)
760 2506 863 2574 nequa
886 2487 1026 2575 (eorum)
1048 2488 1110 2555 sibi
1129 2489 1297 2559 vindicare
1315 2491 1369 2558 he·

172 2608 343 2675 ruditatem
367 2607 536 2694 possunt.'’
584 2605 751 2693 Platner³)
776 2606 836 2672 hoc
861 2607 954 2674 modo
977 2608 1080 2693 legem
1105 2611 1368 2679 commodissime

171 2728 326 2814 explicari
358 2744 450 2811 posse
472 2733 598 2792 censet:
624 2724 695 2791 »die
720 2724 810 2792 nicht
838 2726 1105 2812 aulgcnommene
1130 2728 1249 2816 burger
1272 2730 1305 2796 d.
1333 2731 1368 2796 ln.

173 2848 226 2914 die
255 2845 434 2932 geborenen
469 2846 598 2911 kunnan
634 2844 695 2911 lrei
723 2845 804 2912 uber
828 2845 885 2912 das
908 2846 1013 2934 ihrige
1035 2849 1210 2936 veringen,
1233 2871 1269 2916 so
1293 2849 1369 2918 dass

173 2989 208 3034 es
240 2967 338 3033 ilmen
369 2964 479 3031 weder
509 2963 673 3031 verwehrt
705 2964 788 3031 noch
818 2964 902 3031 uach
935 2965 1039 3033 ihrem
1071 2968 1145 3036 tode
1179 2989 1241 3035 von
1275 2969 1368 3037 ihren

173 3083 477 3154 uerwandten'eine
500 3083 677 3169 epidikasie
701 3085 872 3170 angestellt
896 3086 1028 3152 werden
1052 3088 1176 3153 kann.’'

220 3204 312 3272 Haud
339 3205 440 3289 igitur
464 3204 584 3270 iniuria
608 3203 701 3271 Woll
717 3204 758 3270 ad
782 3205 868 3272 huno
893 3205 999 3273 locum
1023 3207 1208 3297 adscripsit:
1227 3212 1295 3277 ¹»in
1318 3212 1370 3280 his

172 3328 297 3414 legibus
320 3323 460 3390 multum
484 3332 533 3391 est
557 3324 765 3391 obscuritatis
791 3333 860 3392 tum
886 3338 1017 3413 propter
1040 3336 1236 3397 vetustatem
1261 3341 1295 3398 et
1316 3332 1368 3399 de·

174 3447 393 3538 pravatiouem
418 3451 487 3509 tum
510 3443 549 3509 ob
572 3443 780 3511 calliditatem
806 3456 989 3525 oratorum,
1014 3450 1070 3534 qui
1091 3469 1144 3516 eas
1164 3459 1200 3529 et
1216 3452 1369 3521 mutilare

174 3578 206 3635 et
230 3587 288 3634 suo
312 3564 479 3632 commodo
502 3567 615 3652 quovis
638 3565 831 3651 detorquere
854 3566 993 3634 solent.”

220 3685 412 3772 Speciminis
442 3704 540 3753 causa
572 3685 853 3771 interpretationes
887 3687 1056 3754 nonnullas
1085 3689 1196 3767 attuli,
1228 3710 1368 3778 quarum

172 3821 281 3878 tamen
307 3806 426 3873 nullam
451 3805 648 3893 probandam
673 3826 803 3881 censeo;
833 3808 873 3874 ad
899 3829 999 3876 unum
1024 3829 1134 3877 omnes
1157 3811 1245 3878 enim
1269 3812 1369 3899 expli·

172 3940 248 3997 cant
280 3928 431 3995 vocabula
463 3925 523 3993 icoo
555 3929 600 4006 μὴ
625 3927 805 4004 ἐπεποίηντο
833 3948 890 4017 per
914 3930 1001 3996 cives
1027 3930 1206 3998 adscititios
1230 3939 1288 3997 aut
1313 3952 1370 4018 per

173 4055 260 4118 ciues
283 4050 462 4117 adscititios
484 4057 516 4115 et
542 4046 622 4113 lilios
646 4046 830 4133 adoptatos,
855 4048 939 4136 quod
962 4051 1014 4117 uix
1034 4050 1129 4118 oredo
1150 4050 1369 4137 legislatorem

178 4177 371 4188 .....-—-—-·

210 4253 239 4318 1)
258 4247 290 4302 do
309 4245 372 4317 legis
391 4240 504 4296 formula
523 4240 637 4312 proxime
655 4240 775 4314 sequenti
794 4241 931 4313 (pltat,
952 4242 966 4308 §
988 4240 1088 4313 18)‚cf.
1109 4261 1132 4314 p.
1144 4243 1196 4308 20,
1217 4260 1242 4295 n.
1265 4247 1290 4297 l.

208 4341 239 4409 2)
258 4335 290 4389 de
308 4333 366 4388 iure
386 4329 471 4384 hored.
492 4328 560 4401 apud
582 4328 675 4384 dtlren.
697 4350 719 4404 p.
732 4335 774 4384 55.

209 4430 238 4497 3)
257 4426 303 4481 der
322 4439 390 4497 proc.
412 4423 452 4487 11,
472 4438 496 4491 p.
509 4422 570 4472 321.
