2842 5018
728 290 790 354 tol

174 475 357 561 proximum
389 482 562 562 cognatum
596 474 791 560 pupillorum
815 481 955 541 tutorem
980 473 1095 541 debere
1119 473 1245 551 dicere,
1268 493 1362 560 qnam

173 595 364 661 sententiam
400 595 497 661 etiam
530 594 750 661 Schoemanno
782 614 844 660 uon
876 593 1046 680 displicere
1075 592 1215 680 gaudem
1238 592 1364 660 videtur

172 712 287 780 saltem
318 714 549 781 eiusdemmodi
578 712 699 800 aliquid
729 715 888 799 cogitasse
920 734 993 780 cum
1027 714 1183 781 scriberet
1196 712 1241 801 ι);
1270 718 1363 779 inam

172 833 224 899 vel
253 843 384 921 propter
412 834 445 900 id
467 835 592 921 ipsum,
617 833 701 919 quod
726 835 871 919 cognatis
894 833 960 900 lere
984 835 1103 901 tutelae
1127 833 1365 900 demandaban-

68 987 70 992 =
172 961 244 1030 tur,
270 952 339 1019 lieri
363 972 593 1040 saepenumero
614 961 738 1038 poterat
762 962 799 1019 ut
822 953 861 1020 de
885 955 953 1041 ipso
976 956 1177 1040 cognationis
1196 952 1366 1021 iurerelut

174 1071 214 1139 de
237 1072 414 1139 hereditate
438 1073 592 1159 capienda
615 1073 833 1139 controversia
857 1075 1059 1140 exsisteret.'’

220 1192 278 1258 llis
309 1192 464 1279 exemplis
495 1194 598 1278 igitur
630 1191 715 1258 docti
740 1195 872 1278 quinam
897 1195 930 1259 in
954 1195 1069 1280 primis
1092 1195 1211 1259 tutoris
1234 1212 1365 1260 munere

173 1311 388 1398 fungerentur
429 1312 470 1378 ad
512 1312 672 1379 Pollucem
712 1315 907 1379 revertimur
942 1333 1000 1379 nec
1036 1312 1252 1379 dubitandum
1290 1315 1366 1399 quin

174 1433 276 1498 eiecto
306 1430 459 1498 vocabulo
485 1430 698 1505 καταστάσεις
722 1430 891 1517 legendum
917 1433 959 1497 sit
983 1434 1147 1513 a’rrrrporroir
1171 1452 1231 1519 pro
1253 1433 1367 1514 ἐπιτρά·

175 1575 258 1629 παν,
289 1552 332 1617 ita
366 1559 402 1617 ut
433 1552 518 1617 inter
541 1555 683 1617 actiones
707 1571 788 1639 quae
812 1550 851 1616 ad
875 1550 1060 1617 archontem
1087 1553 1270 1638 pertineant
1292 1572 1366 1619 erru-

175 1650 344 1738 mcrentur
378 1671 566 1737 ἐπιδικασία
603 1670 777 1737 tutelarum
812 1678 844 1736 et
875 1669 1091 1737 hereditatum
1123 1680 1156 1738 et
1186 1672 1360 1752 ternadena.

176 1789 278 1857 Causa
302 1800 553 1877 propterquam
577 1790 767 1856 vocabulum
792 1789 1004 1863 καταστάσεις
1029 1790 1167 1856 Pollucis
1189 1791 1293 1856 verbis
1315 1792 1362 1855 in·

176 1917 300 1977 sertum
331 1911 374 1976 sit
405 1918 454 1977 est
476 1911 510 1976 in
535 1913 660 1998 aprico:
686 1930 760 1976 cum
785 1912 951 1992 ἐπιτροαῶν
975 1911 1007 1975 in
1032 1908 1200 1991 ἐπιτρόπων
1223 1910 1368 1976 transiis-

177 2039 241 2107 set,
273 2049 336 2095 non
367 2029 506 2117 anrplius
537 2031 776 2118 intelligebatur
806 2030 884 2116 quid
915 2028 975 2095 sibi
1006 2028 1159 2096 voluisset
1190 2036 1307 2095 auctor
1338 2039 1369 2096 et

178 2147 323 2215 additum
354 2157 403 2215 est
433 2148 624 2216 vocabulum
657 2150 870 2222 accersitore
901 2148 985 2215 unde
1008 2148 1161 2235 penderet
1183 2149 1368 2232 ἐπιτρόπων,

178 2288 252 2335 cum
278 2269 384 2353 potius
407 2255 571 2334 accentus
585 2271 706 2335 mutari
731 2270 906 2338 debuisset.

222 2388 378 2472 Diogenes
397 2388 545 2454 Laertius
557 2389 586 2476 ²)
606 2399 786 2456 auctorest
808 2388 955 2456 Solonem
976 2390 1116 2455 vetuisse
1136 2407 1177 2454 ue
1196 2388 1272 2474 quis
1284 2395 1368 2454 tutor

179 2506 276 2572 ducat
308 2507 500 2594 pupillorum
532 2517 668 2575 matrem
694 2529 774 2575 neve
796 2515 885 2574 tutor
908 2510 952 2574 sit
975 2509 1003 2574 is
1027 2507 1066 2573 ad
1091 2516 1193 2593 quem'
1212 2528 1289 2595 opes
1314 2527 1368 2594 pu·

177 2627 344 2714 pillorum,
368 2629 396 2692 si
416 2625 499 2694 forte
519 2630 711 2706 moriantur,
733 2637 947 2714 perventurae
967 2630 1047 2703 siat;
1069 2647 1132 2713 qua
1151 2626 1191 2693 de
1204 2626 1276 2713 lege
1288 2627 1369 2694 idem

178 2747 286 2814 valere
309 2766 437 2826 censeo,
461 2747 546 2834 quod
569 2749 633 2814 iam
658 2749 786 2834 saepius
809 2747 876 2813 diri
896 2747 935 2813 de
954 2747 1101 2834 pluribus
1120 2766 1204 2832 quae
1224 2766 1243 2812 a
1263 2767 1368 2814 receu-

180 2865 318 2931 tioribus
343 2865 449 2932 Soloni
472 2867 668 2933 tribuantur.
709 2867 840 2932 Praesto
863 2867 948 2932 enim
972 2875 1022 2932 est
1044 2867 1124 2934 satis
1145 2886 1264 2953 magna
1282 2869 1369 2954 copia

178 2993 326 3052 tutorum
346 2987 401 3072 qui
421 2993 478 3052 aut
497 2994 574 3052 sunt
594 2987 722 3071 cognati
739 2986 950 3073 pupillorum,
962 2997 998 3052 ut
1011 2989 1044 3051 in
1057 2984 1220 3073 prioribus
1232 2987 1369 3066 ostendi,

181 3115 236 3173 aut
261 3114 382 3172 matres
405 3126 517 3172 eorum
542 3105 677 3173 ducunt.
714 3106 821 3172 Unum
842 3105 938 3172 huius
959 3108 1086 3192 generis
1104 3107 1287 3194 exemplum
1306 3107 1370 3174 lau·

180 3225 259 3291 dare
278 3228 356 3292 satis
375 3225 474 3291 duco:
496 3224 735 3311 Theophrastus
748 3225 790 3313 ³),
810 3228 866 3311 qui
886 3225 1096 3313 Euthycratis
1115 3225 1246 3292 viduam
1267 3226 1372 3305 duxlt,

180 3353 270 3412 tutor
293 3355 363 3411 erat
385 3343 483 3410 buius
507 3345 565 3409 lilii
585 3344 745 3433 Astyphili
765 3346 900 3430 eiusque
920 3347 1048 3412 sororis.
1095 3345 1249 3413 Pluribus
1268 3364 1370 3413 exem·

179 3463 243 3555 plis
264 3484 379 3552 parco,
401 3465 519 3552 quippe
542 3483 624 3551 quae
644 3464 760 3531 barum
781 3484 890 3532 rerum
911 3464 961 3531 rel
980 3485 1095 3551 parum
1115 3467 1229 3552 peritis
1248 3465 1371 3534 abunde

177 3566 255 3651 nota
279 3586 356 3653 sint.

228 3707 256 3772 A
275 3704 482 3792 Xenophonte
494 3704 520 3793 4)
543 3705 800 3788 opponebam
819 3713 1128 3783 commemorantur,
1147 3704 1204 3772 sed
1223 3727 1301 3776 cum
1319 3707 1368 3774 rix

186 3876 394 3892 m

218 4004 250 4072 1)
268 3999 299 4054 ad
320 4003 437 4072 Isaeum,
457 4019 480 4072 p.
493 4003 556 4054 469.

219 4094 251 4161 2)
271 4093 297 4156 1,
318 4092 360 4142 so.

221 4181 251 4249 3)
271 4182 303 4231 ls.
323 4177 355 4230 de
374 4175 483 4251 Astypb.
503 4175 557 4232 her.
575 4194 600 4250 p.
612 4179 660 4244 77,
681 4177 695 4244 b
715 4179 754 4230 27
769 4185 796 4231 et
816 4180 865 4244 303
883 4176 915 4231 cf.
932 4195 1008 4251 supra
1028 4197 1052 4250 p.
1063 4181 1093 4246 8,
1112 4181 1205 4232 n.1et
1214 4196 1237 4251 p.
1249 4181 1299 4247 ab,
1309 4183 1369 4233 ub.

221 4269 251 4338 d)
271 4264 337 4333 περὶ
353 4263 456 4331 πόρων,
475 4267 515 4330 ll,
536 4268 565 4317 7:
586 4263 634 4313 nul
652 4265 679 4313 el
697 4265 934 4325 μετοιαοφύλακάς
949 4284 997 4332 pe,
1023 4265 1114 4334 ὥσπερ
1131 4265 1371 4338 momentaneae,

185 4354 273 4424 ἀρχὴν
292 4357 487 4413 subruentem.
526 4352 656 4408 Editorem
677 4363 818 4408 nostratem
833 4357 856 4408 J.
877 4359 903 4408 C.
921 4374 969 4408 ran
989 4358 1116 4410 florenter
1134 4357 1245 4427 (comm.
1265 4355 1370 4412 adXen.

185 4445 246 4503 libr.
264 4445 299 4508 de
317 4443 420 4517 vortig,
439 4441 507 4499 Trai.
527 4441 559 4499 ad
578 4441 627 4499 tlh.
648 4447 734 4514 1851,
755 4463 780 4516 p.
792 4446 841 4517 91)
856 4443 925 4501 idem
950 4443 998 4499 lroc
1016 4445 1047 4499 de
1066 4444 1121 4500 loco
1129 4443 1259 4502 censuisse
1267 4443 1372 4520 gaudeo.
