2842 5018
664 284 727 346 147

93 465 258 531 conlectus
281 473 312 531 et
337 464 442 530 delirii
465 465 696 532 condemnatus
715 467 759 532 sit
780 465 961 555 (παρανοίας
982 461 1155 551 ἑαλωκώς),
1170 481 1285 529 nomen

92 583 195 650 solum
220 585 448 652 dominationis
471 586 635 672 popularis
659 587 796 662 retinet,
821 604 872 650 res
897 585 982 671 ipsas
1003 583 1074 649 aliis
1093 582 1288 649 concessit.”

136 704 222 770 Haec
254 711 330 769 sunt
362 705 582 790 antiquiorum
616 703 816 780 testimonia,
841 702 958 790 quihus
981 701 1056 767 addi
1079 710 1183 787 petest
1206 701 1291 767 satis

89 830 165 888 nota
196 821 301 888 fabula
324 823 364 889 de
389 823 543 910 Sophocle
567 825 659 911 quasi
684 823 862 909 desipiente
885 843 903 888 a
926 821 1000 888 liliis
1024 823 1057 887 iu
1083 823 1134 887 ins
1159 828 1286 898 vocato,

89 960 171 1028 quae
202 944 350 1026 quamvis
381 941 461 1009 lalsa
485 945 528 1009 sit
552 951 659 1010 tamen
684 943 883 1008 demonstrat
907 961 970 1007 non
994 941 1087 1027 plane
1111 938 1289 1007 abhorrere

67 1061 246 1127 'eiusmodi
271 1063 509 1128 accusationem
534 1062 575 1128 ab
598 1058 844 1129 Atheniensium
867 1059 1012 1127 moribus
1025 1059 1064 1148 ¹).

133 1181 170 1246 ln
203 1201 261 1247 sna
293 1183 424 1247 civitate
455 1181 542 1248 Plato
566 1180 798 1247 eiusdemmodi
821 1180 978 1245 actionem
1005 1179 1202 1262 instituit²)‚
1226 1178 1283 1244 sed

87 1321 105 1366 a
131 1299 316 1386 philosopho
340 1321 380 1367 ne
399 1300 524 1367 discere
544 1301 713 1388 cupiamus
732 1301 814 1365 iuris
833 1299 924 1366 attici
946 1298 1105 1364 instituta.
1152 1298 1284 1385 Aliquot

86 1428 252 1507 praeterea
283 1413 581 1506 lexicographorum
616 1418 800 1486 testimonia
831 1426 973 1496 exstant,
1003 1437 1086 1503 qnae
1109 1425 1217 1485 tamen
1242 1437 1283 1485 ne

86 1539 119 1605 id
151 1539 280 1626 quidem
313 1539 534 1606 demonstrant
563 1539 702 1607 fueritne
733 1541 817 1605 actio
844 1539 969 1625 privata
992 1557 1033 1603 an
1058 1538 1202 1624 publica;
1226 1537 1283 1604 sed

84 1679 160 1726 eum
184 1680 247 1725 non
268 1659 389 1726 saciant
411 1660 452 1726 ad
476 1668 623 1726 nostrum
647 1659 818 1726 consilium
833 1657 877 1746 3),
901 1658 1038 1725 libenter
1062 1678 1099 1724 ea
1123 1659 1248 1724 omitto.

129 1779 238 1863 Neque
268 1780 397 1846 decerni
430 1788 534 1864 potest
565 1779 736 1845 licueritne
766 1778 830 1843 filio
857 1779 890 1842 in
917 1779 1102 1843 universum
1127 1797 1281 1844 accusare

84 1903 221 1980 patrem.
252 1897 339 1961 Plato
354 1897 379 1982 ⁴)
404 1897 671 1985 Euthyphronem
695 1896 822 1962 inducit
845 1904 971 1981 patrem
996 1895 1103 1961 caedis
1127 1914 1280 1961 accusan-

85 2021 166 2090 tem,
198 2012 254 2080 sed
284 2015 447 2078 nescimus
478 2021 590 2079 utrum
614 2013 652 2105 id
671 2014 735 2079 iuri
759 2015 858 2079 attico
881 2013 1049 2078 conveniat
1073 2031 1112 2077 an
1139 2011 1281 2098 fingatur

84 2152 103 2197 a
123 2131 312 2218 philosopho
331 2143 369 2198 ut
387 2132 586 2198 occaslouem
609 2133 817 2198 nanciscatur
840 2130 1025 2217 disputandi
1049 2129 1089 2198 de
1112 2132 1171 2209 iis,
1196 2152 1278 2218 quae

83 2250 142 2316 deo
173 2251 319 2337 placeant
352 2259 384 2317 et
414 2270 496 2337 qnae
517 2250 701 2317 hominibus
724 2249 870 2316 iacienda
895 2250 960 2316 sint
983 2256 1019 2315 nt
1043 2251 1172 2336 pietatis
1194 2248 1278 2316 lama

84 2370 229 2437 floreant.

128 2491 280 2557 Feminae
300 2510 382 2576 quae
401 2489 484 2576 apud
507 2490 719 2557 Athenienses
740 2491 833 2576 longe
852 2490 915 2555 alia
934 2490 1059 2555 ratione
1078 2488 1279 2556 habebantur

83 2629 120 2675 ac
157 2611 219 2675 viri
255 2609 489 2676 existimandae
525 2618 601 2675 sunt
632 2610 746 2675 horum
780 2607 957 2674 ollieiorum
987 2616 1134 2694 expertes
1164 2607 1278 2688 luisse,

82 2731 179 2796 sicuti
211 2729 337 2796 iuribus
368 2729 538 2804 carebant;
566 2729 663 2795 finem
685 2730 787 2814 igitur
810 2727 927 2795 laciam
952 2729 984 2792 in
1010 2726 1161 2794 Herodoti
1185 2746 1278 2794 voea-

81 2849 180 2927 bulis,
206 2850 260 2935 qui
285 2869 440 2915 enarrans
462 2847 849 2937 Aegyptios'plerumque
866 2849 915 2913 uti
937 2846 1062 2932 legibus
1080 2867 1098 2913 e
1119 2844 1278 2914 diametro

81 2970 236 3056 oppositis
255 2978 437 3036 ceterarum
458 2968 604 3053 gentium
626 2969 786 3034 institutis
804 2967 882 3034 haec
902 2966 942 3033 de
961 2965 1070 3032 eodem
1086 2975 1278 3051 argumento

77 3089 266 3176 exponit⁵):
297 3088 422 3171 τρέφειν
451 3088 522 3161 τοὺς
553 3087 663 3161 τοκέας
694 3096 770 3154 τοῖσι
801 3070 860 3165 nel
886 3085 975 3153 παισὶ
999 3084 1128 3166 οὐδεμία
1150 3085 1274 3167 ἀνάγκη

78 3208 123 3285 μ)
148 3208 370 3287 βουλομένοισι,
402 3218 473 3292 τῇσι
508 3208 539 3273 δὲ
562 3207 737 3288 dammim
761 3211 852 3274 παῖσα
875 3205 1000 3284 ἀνάγκη
1024 3207 1075 3274 καὶ
1099 3210 1144 3286 μὴ
1163 3209 1275 3288 βουλο-

73 3327 198 3412 μένῃσι.

88 3478 283 3499 m

113 3564 144 3632 1)
163 3561 207 3618 eff.
228 3561 407 3618 Schneidewin
427 3563 455 3617 iu
474 3563 515 3618 cd.
534 3563 652 3638 Sophcel.
672 3564 892 3634 weidmanniana,
916 3566 1086 3636 1aco,oint.
1106 3569 1193 3639 pss,
1213 3565 1273 3622 llal·

76 3649 207 3718 bertam,
226 3668 292 3723 spce.
312 3650 355 3705 lit.
371 3660 441 3705 cont.
460 3650 571 3725 priorem
591 3661 691 3724 partem
712 3670 811 3726 procop.
831 3653 968 3727 aristoph„
985 3673 1009 3727 p.
1020 3657 1056 3708 12
1072 3661 1100 3708 et
1118 3655 1181 3707 101.
1224 3653 1273 3709 lllc

74 3738 317 3806 narratiunculam,
336 3737 412 3792 cuius
427 3739 553 3812 originem
575 3736 643 3795 clarc
663 3739 782 3812 exponit,
802 3740 908 3795 omnino
927 3739 1019 3798 falsam
1034 3755 1088 3796 ease
1100 3740 1272 3796 demonstrat.

112 3827 145 3898 2)
163 3826 197 3882 de
214 3825 281 3902 legg.
300 3829 353 3894 xl,
375 3828 430 3881 928
449 3830 471 3882 tt
488 3845 559 3902 eqq.;
576 3826 609 3882 el.
629 3844 707 3902 supra
727 3831 831 3902 plat,
851 3847 877 3883 n.
896 3833 923 3884 5.

111 3918 143 3986 3)
163 3915 239 3969 Ιοίοι·
259 3915 313 3970 und
331 3915 464 3986 Solum,
482 3915 529 3970 der
548 3925 598 3972 att.
618 3935 684 3991 prce.
706 3936 729 3990 p.
740 3917 809 3983 296,
832 3915 949 3986 Platncr,
973 3917 1000 3973 d.
1020 3936 1089 3992 prce.
1109 3922 1150 3988 ll,
1171 3938 1195 3994 p.
1206 3921 1272 3975 242

111 4007 142 4075 t)
163 4003 311 4079 Euthyphr.
332 4008 384 4077 pt
405 4010 434 4060 A.

112 4094 143 4165 a)
162 4095 203 4161 u,
226 4094 269 4148 ao.
