2842 5018
687 239 729 301 64

160 426 274 515 Lysias
308 423 339 488 in
372 423 514 488 oratione
547 431 657 489 contra
690 423 890 510 Diegitonem
916 433 1026 490 narrat
1050 423 1147 491 huius
1171 424 1306 494 fratrem

115 544 287 613 Diodotum
317 543 374 629 qui
403 541 583 627 Diogitonis
613 541 714 610 filiam
746 541 899 621 duxerat,
924 553 1090 611 mortuum
1112 556 1183 610 esse
1206 544 1306 612 filiam

115 674 148 733 et
168 665 248 732 lilios
267 664 518 750 relinquentem,
538 661 656 750 quihus
677 662 878 748 Diogitonem
899 671 1039 732 tutorem
1053 663 1256 751 praefecerat
1268 664 1315 754 ¹).

113 786 218 853 Vidua
250 784 316 851 filia
346 804 364 849 a
389 791 480 870 patre
504 781 670 868 Diogitone
693 783 812 849 iterum
838 791 975 870 nuptum
1000 783 1074 850 data
1097 792 1164 862 est,
1189 783 1247 850 sed
1269 784 1306 851 li-

111 908 182 974 hori
214 912 352 973 matrem
386 922 449 968 non
479 904 583 970 secuti
614 910 711 980 sunt,
741 923 816 971 nam
847 905 900 971 sui
922 906 1004 970 iuris
1027 903 1104 971 lacti
1127 905 1251 973 tutoris
1274 914 1306 972 et

108 1025 256 1094 eiusdem
288 1023 339 1091 avi
373 1022 423 1090 sui
453 1020 567 1090 fraude
594 1031 761 1110 comperta
794 1024 933 1111 percedsi
964 1033 997 1090 et
1019 1025 1231 1093 lacrimantes
1254 1026 1305 1094 ic-

108 1154 214 1214 runt
231 1144 280 1212 ad
303 1151 478 1211 matrem
503 1151 536 1209 et
559 1162 623 1209 una
647 1163 723 1211 cam
746 1143 801 1211 illa
825 1144 1043 1212 veneruntad
1064 1144 1186 1212 sororis
1207 1146 1302 1212 mari·

111 1275 201 1343 tum,
231 1265 287 1352 qui
310 1266 486 1331 orationem
508 1262 657 1350 hahct2).
704 1264 790 1332 Ilaec
814 1264 924 1332 cadem
950 1267 1052 1332 oratio
1076 1265 1192 1332 docere
1216 1266 1302 1335 vide-

109 1395 168 1453 tur
198 1384 277 1471 quid
302 1383 344 1451 dc
367 1383 477 1450 liberis
500 1381 607 1462 fieret,
641 1403 715 1450 cum
741 1383 855 1451 domus
878 1393 1012 1471 paterna
1036 1406 1054 1453 a
1075 1393 1183 1452 matre
1206 1386 1305 1455 relin-

109 1513 284 1594 queretur,
308 1505 528 1571 transirentne
550 1504 585 1569 in
609 1504 727 1569 tutoris
750 1503 883 1570 domum
908 1524 949 1570 an
973 1504 1035 1571 alio
1058 1527 1121 1592 quo
1146 1507 1243 1574 modo
1266 1509 1305 1574 iis

56 1638 58 1640 ·
110 1626 362 1713 prospiceretur.
411 1622 526 1692 Orator
547 1623 661 1712 soiL³l
688 1633 799 1691 narrat
821 1625 949 1692 Diodoti
973 1624 1073 1707 lilios,
1098 1648 1175 1695 cnm
1200 1628 1305 1715 lliogi·

110 1756 168 1814 ton
200 1747 357 1833 migraret
377 1765 398 1812 e
417 1744 542 1832 Gollpto
566 1746 598 1811 in
625 1745 761 1811 Phaedri
788 1737 883 1812 aedes
906 1747 939 1811 in
964 1745 1107 1814 libellum
1129 1747 1305 1836 quemdam

108 1869 251 1935 eiectum
284 1865 453 1944 incidisse,
477 1885 572 1951 quem
596 1864 637 1931 ad
661 1873 800 1932 matrem
824 1865 1026 1942 detulerunt;
1050 1866 1104 1934 hic
1127 1875 1241 1936 autem
1265 1868 1304 1934 li·

108 1987 214 2054 hellus
246 1986 466 2052 testimonium
497 1993 566 2052 erat
589 1985 769 2072 Diogitonis
792 1983 925 2052 fraudis.
974 1987 1077 2054 Huius
1101 1989 1307 2074 migrationis

109 2118 255 2194 tompore
277 2105 379 2192 igitur
402 2103 514 2192 pupilli
539 2105 573 2170 in
597 2105 774 2190 Diogitonis
798 2104 930 2172 aeditus
953 2105 1116 2176 habitasse
1136 2108 1305 2184 videntum

105 2227 254 2316 vtlollqtns
277 2234 386 2294 autem
407 2225 522 2292 demus
541 2223 685 2291 urbanus
702 2234 774 2292 eret
787 2225 831 2313 ⁴),
851 2247 914 2314 quo
935 2227 971 2293 fit
990 2236 1025 2294 ut
1046 2228 1129 2296 alter
1148 2229 1307 2296 orationis

108 2347 201 2415 locus
214 2345 240 2435 5)
263 2346 385 2432 absque
407 2346 494 2411 omni
517 2343 615 2411 dubio
634 2345 698 2412 huc
718 2347 880 2433 respiciat.
929 2347 976 2413 lbi
995 2349 1083 2415 enim
1105 2357 1216 2415 orator
1234 2368 1307 2415 nar·

109 2476 164 2534 rat
194 2465 329 2543 liberes,
360 2484 435 2531 cum
466 2464 596 2531 tandem
628 2465 801 2552 aliquando
828 2468 976 2552 lliogiton
1010 2470 1108 2535 matri
1136 2476 1173 2534 et
1193 2467 1308 2536 liberis

111 2586 260 2672 coniugis
289 2593 322 2651 et
353 2587 455 2671 patris
488 2593 625 2652 mortem
657 2586 823 2653 retulisset
845 2596 877 2653 et
899 2587 933 2652 hi
957 2587 1111 2654 defuncto
1132 2589 1221 2656 iusta
1245 2589 1307 2656 sol·

113 2709 252 2784 sissent,
285 2706 390 2792 primu
418 2725 504 2771 anno
527 2708 560 2771 in
582 2706 715 2772 Piraeeo
738 2715 952 2773 commoratos
975 2727 1061 2783 essc;
1085 2710 1190 2776 omnia
1214 2709 1305 2775 enim

114 2826 155 2894 ad
184 2827 307 2892 victum
336 2825 517 2892 necessaria
548 2825 591 2891 ihi
617 2835 743 2912 praesto
766 2825 882 2901 luisse;
906 2826 957 2893 his
979 2846 1056 2895 vero
1076 2826 1307 2895 deficientibus

110 2946 230 3014 lihems
249 2947 281 3011 in
302 2954 376 3012 astu
395 2945 522 3012 misisse
543 2945 766 3034 (ἀναπέμπει),
794 2945 1015 3012 verisimiliter
1034 2947 1137 3032 igitur
1158 2947 1191 3013 in
1209 2946 1306 3016 aedes

113 3087 188 3136 suas
211 3068 245 3132 in
268 3064 440 3153 (lollptnm.

158 3186 349 3271 Ceteroquin
380 3183 517 3270 pupillos
550 3184 659 3250 solitos
682 3185 782 3251 luisse
805 3183 950 3251 habitare
973 3186 1007 3252 in
1032 3185 1134 3272 patris
1159 3185 1306 3257 defuncti

112 3305 246 3375 aedibus
267 3312 324 3371 aut
343 3304 394 3370 his
416 3303 537 3371 relictis
556 3306 590 3369 in
611 3305 730 3371 tutoris
748 3305 844 3371 domo
862 3305 936 3372 elici
957 3314 1061 3392 potest
1080 3325 1121 3372 ex
1132 3306 1305 3377 Aeschinis

112 3425 297 3494 testimonio
310 3424 356 3511 6),
385 3424 442 3510 qui
464 3432 576 3491 narrat
601 3424 810 3490 Timarchum
836 3426 868 3491 in
891 3426 1007 3492 aetatis
1035 3445 1112 3493 suae
1137 3425 1219 3494 llnrc
1242 3447 1307 3495 non

112 3547 266 3635 puduisse
289 3544 412 3612 relictis
437 3545 579 3633 paternis
603 3542 735 3610 aedibus
760 3547 867 3612 rivere
890 3566 954 3611 non
978 3545 1063 3632 apud
1084 3554 1229 3615 tutorem
1250 3546 1307 3614 sed

113 3667 199 3756 apud
216 3665 401 3753 lllisgolam,
423 3666 478 3752 qui
500 3684 604 3750 neque
624 3673 778 3751 paternus
799 3667 923 3733 amicus
936 3685 1040 3752 neque
1052 3667 1199 3753 aequalis
1211 3675 1306 3738 esset.

116 3849 340 3863 a—-—-—-—

149 3963 179 4028 1)
198 3979 223 4032 p.
235 3962 302 4028 uel,
323 3963 337 4030 p
358 3964 382 4013 5.

150 4049 180 4116 e)
200 4067 223 4120 p.
236 4049 304 4114 aaa,
325 4049 340 4116 o
361 4052 404 4101 10.

151 4139 181 4206 a)
200 4156 225 4209 p.
236 4138 303 4202 eor,
324 4137 339 4205 o
360 4139 404 4189 14.

150 4227 181 4295 4)
200 4224 298 4292 hoello,
318 4222 359 4277 die
378 4222 471 4276 demen
492 4243 514 4278 v.
535 4229 605 4293 Ate,
626 4224 709 4279 iihers.
730 4243 778 4279 ron
799 4228 828 4279 t.
848 4226 1046 4294 Wostermann,
1067 4246 1089 4300 p.
1100 4230 1144 4281 21.

150 4318 180 4386 5)
199 4334 223 4387 p.
235 4316 303 4380 897,
323 4313 337 4380 §
359 4317 383 4368 8.

151 4408 181 4476 6)
200 4422 222 4456 e.
242 4399 370 4455 Timereh.
390 4422 414 4476 p.
427 4405 457 4472 6,
478 4404 492 4470 §
513 4406 557 4457 42.
