2842 5018
676 295 739 357 176

115 486 263 554 nistratio
283 502 356 548 oum
376 478 538 569 perfacilis
559 487 657 556 esset,
677 485 802 543 tutores
822 477 936 544 trorum
958 477 1115 545 reditibus
1130 480 1307 548 utebantur

113 608 153 674 ad
178 603 358 672 necessaria
384 600 513 686 pupillis
533 598 721 686 praebenda.
771 596 824 664 Sic
844 595 966 663 lactrrm
987 607 1036 664 est
1056 598 1096 665 de
1117 600 1307 686 Xenopitlris

111 736 144 794 et
176 725 374 792 Nausioratis
408 720 603 797 hereditate,
636 729 673 784 ut
702 718 931 785 Demosthenes
945 720 972 801 ¹)
1002 718 1118 786 refert:
1152 720 1187 785 hi
1219 722 1306 788 enim

112 866 188 932 opes
211 864 321 911 omncs
345 845 475 909 suasio
499 860 572 907 aere
595 839 699 906 alieno
722 838 925 925 reliquerunt
944 845 978 904 et
996 858 1049 906 res
1068 839 1129 906 soli
1150 860 1304 927 perquam

111 968 243 1051 exiguas
261 961 493 1051 possederunt.
540 959 680 1025 liedacto
710 967 819 1025 autom
843 977 918 1024 aere
938 957 1045 1025 alieno
1066 967 1101 1027 et
1122 963 1211 1026 rasis
1236 963 1305 1048 qni-

110 1085 247 1152 lmsdam
269 1082 408 1150 venditis
431 1082 527 1147 etiam
553 1078 723 1164 mancipiis
746 1087 872 1145 tutores
892 1079 1024 1166 praedia
1048 1089 1079 1146 et
1101 1081 1197 1148 aedes
1219 1101 1306 1149 eme·

113 1215 204 1274 runt.
1261 1196 1263 1205 ’

155 1324 248 1411 Apud
270 1323 403 1390 Suidam
413 1322 439 1409 ²)
458 1329 565 1388 exstat
576 1320 691 1408 Lysiae
703 1318 920 1406 fragmentum
935 1321 967 1384 in
981 1339 1045 1407 qno
1056 1320 1193 1388 tortasse
1205 1323 1305 1388 nimia

111 1445 175 1530 legi
195 1441 382 1510 conceditur
399 1443 585 1507 auctoritas.
623 1439 826 1528 Quamquam
844 1443 931 1506 enim
953 1440 1039 1507 idern
1059 1442 1207 1530 oratori)
1230 1443 1304 1508 alibi

112 1565 237 1630 dixerat
269 1559 491 1627 tutoribus
517 1560 654 1624 licere
684 1559 948 1645 pupillorum
973 1559 1161 1647 pecunia
1183 1582 1304 1648 agros

110 1702 266 1761 emere,
291 1701 376 1746 nunc
400 1678 479 1746 dicit
499 1678 631 1764 legem
651 1679 803 1745 iubere
822 1680 1089 1767 papiliorum
1110 1683 1301 1768 patrimo·

110 1804 223 1869 nium
246 1805 287 1867 in
307 1802 424 1886 agris
444 1799 671 1866 collocare.
719 1799 767 1864 le
788 1796 1091 1887 sequentibusquid
1110 1800 1298 1868 eliciendum

111 1924 154 1988 sit
183 1941 245 1987 non
277 1918 392 2006 liquem
415 1918 499 2004 quod
521 1938 584 2004 quo
608 1918 724 1985 melius
748 1918 949 2004 intelligatur
971 1921 1041 2007 ipsa
1064 1921 1161 1988 verba
1183 1920 1302 1987 adscri-

109 2043 198 2108 bam:
230 2046 285 2107 τοῦ
311 2039 406 2118 νόμου
437 2037 612 2111 κελεύοντος
634 2040 705 2112 τοὺς
730 2036 907 2120 ἐπιτρόπους
929 2048 993 2113 τοῖς
1017 2045 1161 2125 ὀρφανοῖς
1184 2040 1306 2122 ἔγγειον

110 2163 166 2237 τὴν
189 2161 293 2231 odolen
317 2157 519 2234 radicariam,
544 2157 649 2233 οὗτος
673 2159 711 2224 δὲ
734 2163 936 2234 ναυτικοὺς
961 2164 1060 2240 ἡμᾶς
1083 2163 1305 2248 ἀποφαίνει.

112 2282 161 2349 dn
190 2281 326 2348 fortasse
358 2281 471 2370 Lysias
502 2280 542 2345 de
568 2280 627 2345 hoc
653 2289 759 2347 tutore
783 2280 868 2348 idem
892 2281 972 2348 dicit
995 2282 1080 2369 quod
1103 2284 1144 2350 do
1168 2276 1307 2369 utoguo

112 2421 151 2467 ne
163 2400 208 2489 ⁴),
241 2420 337 2487 quem
368 2409 480 2467 narrat
512 2420 592 2466 nave
624 2401 772 2468 oneraria
797 2401 935 2468 duorum
960 2403 1156 2470 talentorum
1179 2397 1305 2470 merces

110 2520 245 2586 vehente
274 2522 307 2586 in
340 2521 473 2589 Adriam
506 2521 604 2586 missa
636 2522 731 2586 matri
764 2520 960 2607 pupillorum
992 2522 1111 2588 dixisse
1133 2543 1170 2590 se
1192 2538 1305 2591 narem

111 2641 198 2708 illam
230 2640 345 2706 horum
376 2639 519 2726 periculo
548 2648 581 2706 et
611 2639 729 2706 damno
760 2641 900 2716 misisse;
931 2649 1102 2728 postquam
1124 2652 1236 2710 antem
1259 2644 1305 2708 in·

111 2761 249 2828 columis
266 2760 357 2826 lucro
376 2760 538 2846 duplicato
558 2762 758 2839 revertisset,
779 2781 875 2828 suum
887 2780 958 2828 esse
972 2761 1119 2828 lucruml
1156 2763 1303 2848 Diogiton

111 2883 212 2968 igitur
236 2900 349 2947 revera
372 2878 566 2966 pupillorum
593 2882 777 2966 patrimonii
802 2891 924 2968 partem
949 2884 1051 2949 maris
1073 2891 1106 2949 et
1128 2890 1304 2970 tempestu-

110 3011 180 3069 tum
213 3001 368 3088 periculis
393 3001 544 3077 credidit,
576 3001 660 3087 quod
693 3003 719 3066 si
751 3003 880 3067 omnino
905 3021 968 3067 non
988 3001 1149 3080 licuisset,
1170 3003 1304 3090 lysias,

111 3123 241 3208 opinor,
264 3140 328 3186 non
351 3122 513 3187 omisisset
536 3140 611 3187 eum
633 3123 782 3208 pessimis
804 3122 911 3186 verbis
930 3140 1038 3189 urere.
1087 3121 1174 3189 Nihil
1197 3131 1303 3188 tannen

110 3241 267 3309 eiusmodi
301 3242 334 3306 in
366 3260 403 3306 ea
434 3243 577 3307 oratione
609 3243 787 3316 inreritum
821 3241 901 3307 nittl
931 3241 971 3308 de
1003 3262 1038 3308 rc
1068 3243 1137 3327 ipsa
1160 3241 1303 3328 loquitur

110 3369 233 3439 orator,
255 3360 333 3426 haec
355 3367 480 3427 tantum
501 3360 603 3427 addit:
630 3363 739 3447 »atqui
760 3363 786 3426 si
807 3361 921 3427 horunc
943 3359 1060 3426 dixerit
1081 3379 1152 3427 csse
1171 3361 1303 3438 damna,

110 3482 172 3548 sibi
203 3502 279 3548 vcro
309 3480 399 3546 lucra
432 3490 463 3547 et
496 3483 666 3568 pecuniam
690 3483 882 3558 retinuerit,
907 3501 970 3547 non
995 3481 1303 3549 difficilerationem

109 3603 227 3689 poterit
255 3602 389 3668 reddere
413 3604 575 3688 impensae
600 3603 753 3688 pecuniae
780 3604 902 3689 etipse
927 3623 965 3668 ex
989 3601 1105 3669 alienis
1123 3603 1241 3688 opibus
1258 3602 1302 3667 di·

109 3723 246 3789 tesoet.’'
278 3723 382 3809 ipsam
404 3725 572 3808 pecuniam
595 3732 701 3788 actem
724 3723 865 3808 periculo
885 3723 1099 3807 navigationis
1120 3722 1303 3790 maritimae

109 3862 266 3929 exponere
288 3863 339 3908 res
358 3852 428 3908 crat
450 3843 613 3928 aliquanto
634 3845 766 3909 maioris
786 3846 939 3911 momenti
962 3864 1057 3930 quam
1078 3843 1208 3910 foenore
1225 3862 1303 3908 trau·

108 3965 173 4028 tico
207 3963 325 4040 locare,
358 3982 432 4028 nam
466 3962 525 4028 hoc
558 3983 620 4029 non
651 3964 719 4032 sine
742 3963 923 4031 vadimonio
949 3982 1051 4053 neque
1074 3965 1210 4053 pignore
1234 3963 1304 4031 lieri

107 4115 308 4133 m

146 4199 177 4268 1)
196 4196 253 4251 adv.
273 4197 386 4252 llansim.
408 4218 430 4271 p.
443 4202 513 4267 986,
534 4203 549 4269 §
570 4205 612 4256 7.Δ

147 4291 177 4357 2)
198 4305 220 4339 v.
242 4283 358 4350 ἔγγειον.

148 4377 177 4443 3)
196 4373 252 4427 loco
271 4392 353 4446 nuper
373 4375 488 4429 laudato.

150 4466 179 4534 a)
200 4465 302 4537 peon,
323 4464 337 4531 p
358 4466 401 4516 nc.
