2842 5018
746 280 787 341 76

175 463 277 549 legem
302 462 427 530 tulisset
453 464 621 549 peregrina
645 468 737 528 natos
759 461 857 535 νόθονς
876 480 964 538 esse,
986 461 1043 527 lros
1063 464 1251 549 omnesqui
1273 462 1369 530 rebus

174 581 319 648 adversis
341 584 465 668 patriae
485 581 642 649 auxilium
661 580 748 648 ferre
767 601 830 647 non
850 581 1085 649 dubitavissent
1103 582 1236 650 civitate
1259 601 1369 651 carere

174 721 304 768 necesse
330 700 402 768 luit.
450 701 689 788 Aristophontis
717 720 792 768 vero
817 700 867 768 lex
891 721 953 767 non
979 700 1035 767 diu
1059 700 1198 768 valuisse
1221 700 1367 776 videtum

174 820 345 888 scholiasta
378 825 464 889 enim
497 821 537 888 ad
568 821 759 912 Aeschinem
774 821 798 910 ¹)
833 841 877 888 ex‘
904 820 1032 888 Eumeli
1055 820 1263 909 Peripatetici
1287 819 1367 888 lihro

170 943 269 1009 tertio
299 943 339 1009 de
366 950 474 1009 vetere
496 940 660 1011 comoedia
684 940 782 1009 relert
805 941 1012 1008 Nicornenem
1035 940 1139 1027 legem
1164 940 1295 1017 tulisse,
1321 961 1366 1008 ne

174 1064 274 1148 quis
307 1082 450 1130 eorum
476 1063 547 1149 qui
570 1069 666 1148 post
689 1060 907 1128 Euclidem
931 1062 1026 1127 nati
1053 1069 1198 1128 essent
1221 1062 1367 1127 civita·

173 1182 233 1248 tis
265 1183 483 1269 particeps
514 1192 649 1261 esset,
679 1183 762 1247 nisi
786 1200 834 1247 ex
859 1189 1046 1268 utroque
1070 1189 1252 1269 parente
1277 1182 1366 1249 cire

175 1309 301 1368 nutus
329 1310 457 1378 esset;
489 1303 559 1388 qui
592 1320 690 1367 vero
720 1309 820 1367 ante
851 1300 1081 1368 Euclidem·
1107 1301 1201 1368 nati
1226 1309 1367 1368 essent

175 1420 1217 1508 nullaquuestionehabitaciresuthaberentur.
1250 1420 1365 1502 Quaeri

174 1547 280 1628 potest
309 1540 388 1627 quid
420 1539 542 1607 lactum
574 1541 617 1606 sit
647 1540 687 1606 de
718 1540 875 1608 eiusmodi
899 1540 1010 1608 liberis
1032 1542 1088 1628 qui
1112 1542 1181 1607 nati
1205 1541 1273 1607 sint
1296 1548 1364 1627 post

173 1657 341 1726 Euclidem
373 1658 577 1738 archontem,
615 1659 669 1727 sed
703 1680 743 1726 ex
772 1660 960 1747 parentibus
982 1662 1038 1746 qui
1061 1681 1100 1738 eo
1122 1680 1207 1728 anno
1229 1660 1296 1726 iam
1320 1661 1366 1727 in·

173 1780 288 1846 iissent
309 1780 566 1848 matrimonium.
616 1779 684 1846 Nisi
703 1778 753 1847 lex
773 1779 950 1847 inhumana
969 1788 1002 1847 et
1022 1780 1142 1848 iniusta
1162 1781 1206 1846 sit
1218 1779 1368 1860 dicenda,

174 1902 272 1966 etiam
308 1898 360 1965 his
394 1899 478 1966 idern
514 1901 567 1966 ius
598 1899 838 1968 decernendum
869 1900 1008 1968 videtur.
1055 1900 1170 1969 Nullus
1202 1901 1302 1986 igitur
1330 1900 1365 1965 in

173 2028 337 2106 posterum
383 2039 490 2086 sermo
525 2027 630 2107 potest
660 2040 731 2089 csse
761 2020 801 2088 de
831 2021 1069 2109 Aristophontis
1099 2020 1168 2107 lege
1198 2040 1264 2106 qua
1295 2029 1368 2087 ante

172 2138 340 2206 Euclidem
362 2141 429 2205 nati
452 2159 492 2205 ex
512 2141 582 2207 ciue
602 2160 677 2208 cum
698 2142 869 2228 peregrina
888 2161 946 2227 pro
966 2139 1091 2208 ciuibus
1110 2139 1213 2206 habiti
1232 2139 1367 2218 luerint,

175 2278 252 2326 cum
288 2278 400 2326 revera
439 2259 628 2326 Nicomedes
661 2261 759 2327 huius
787 2260 868 2348 legis
899 2263 941 2328 sit
974 2268 1088 2328 auctor
1117 2269 1150 2328 et
1175 2257 1368 2347 Aristoplmn

175 2388 271 2445 antea
293 2381 490 2446 contrariam
515 2380 639 2448 tulerit.

220 2497 372 2566 Nonnulli
403 2500 489 2566 inter
519 2499 671 2566 vocabola
704 2501 785 2579 ξένος
818 2510 850 2568 et
882 2501 960 2576 νόθος
990 2499 1183 2569 rideresibi
1208 2501 1370 2567 visisunt

173 2619 350 2686 discrimen
364 2619 408 2706 ²);
428 2627 565 2704 utroque
585 2628 695 2687 autem
713 2619 868 2687 vocabulo
887 2620 1020 2688 candem
1041 2619 1171 2706 quidem
1189 2619 1370 2706 significari

175 2738 414 2817 condicionem,
438 2747 472 2804 at
494 2740 573 2806 satis
596 2740 734 2807 indicari
757 2740 948 2808 alterutrius
976 2739 1123 2807 vocabuli
1147 2759 1208 2806 usu
1226 2737 1371 2807 fueritne

175 2869 281 2925 mater
310 2879 350 2925 an
382 2867 474 2945 pater
497 2879 559 2925 non
583 2880 662 2926 usus
685 2862 817 2929 civitate
841 2863 972 2928 attica·
1000 2861 1038 2926 ln
1062 2860 1145 2927 hanc
1168 2857 1370 2926 inducuntur

175 2979 373 3066 opinionem,
407 2979 493 3066 quod
523 2989 650 3049 exstent
683 2980 744 3048 loci
774 2982 828 3048 ubi
851 2981 1005 3048 vocabula
1029 2982 1108 3055 νόθος
1132 2988 1164 3047 et
1186 2977 1269 3057 ξένος
1292 2999 1368 3046 con·

175 3101 286 3166 iuncta
310 3101 534 3179 inveniantur,
559 3110 600 3168 ut·
619 3101 653 3167 in
677 3109 759 3169 crat.
782 3100 853 3168 adv.
873 3100 1065 3168 Eubulidem
1081 3100 1127 3188 ³),
1145 3099 1203 3166 ubi
1223 3099 1304 3166 haec
1323 3098 1368 3166 le·

174 3219 300 3305 gimus:
335 3218 505 3286 »licuisset
535 3221 692 3287 nimirum
725 3223 785 3300 iis,
816 3222 843 3286 si
876 3221 953 3296 νόθος
977 3231 1034 3287 aut
1056 3219 1140 3300 ξόνοο
1164 3239 1223 3305 ego
1246 3238 1368 3295 essem,

174 3339 319 3405 omnium
341 3357 485 3404 mearum
506 3359 603 3427 opum
626 3360 740 3428 capere
762 3340 972 3407 hereditatem
981 3340 1012 3418 ,'’
1030 3339 1224 3426 quibuscum
1238 3339 1368 3406 omnino

172 3456 383 3525 conferantur
413 3478 496 3544 quae
525 3460 618 3547 paulo
641 3469 716 3527 ante
739 3459 893 3547 leguntur
904 3460 950 3549 ⁴):
977 3479 1055 3546 »ego
1078 3462 1205 3537 autem,
1229 3459 1369 3535 iudices,

173 3596 226 3645 me
257 3577 484 3645 Atheniensem
516 3599 587 3646 esse
618 3580 719 3657 duco,
742 3588 779 3646 ut
803 3588 945 3647 vestrum
970 3579 1105 3666 quilibet
1127 3598 1215 3657 sese,
1239 3588 1273 3646 et
1296 3598 1368 3646 eam

173 3704 309 3765 matrem
342 3697 382 3763 ab
414 3700 507 3765 initio
539 3719 677 3785 agnosco
708 3720 804 3786 quam
830 3699 918 3766 vobis
942 3699 1092 3779 ostendo,
1117 3718 1221 3786 noque
1240 3719 1282 3766 ex
1304 3697 1368 3765 alia

171 3828 268 3884 natus
288 3817 370 3884 hanc
389 3818 470 3884 mihi
494 3839 622 3905 arrogo:
644 3817 684 3885 de
702 3828 808 3906 patre,
827 3818 1055 3897 Athenienses,
1075 3817 1160 3886 idem
1174 3817 1367 3885 contendo.’'

170 3937 248 4003 dum
274 3946 383 4005 autem
407 3945 515 4004 orator
538 3936 570 4003 h.
594 3938 614 4002 l.
639 3937 678 4004 de
701 3947 806 4006 matre
829 3947 925 4026 atque
949 3938 987 4007 de
1012 3948 1104 4027 patre
1122 3938 1251 4007 locutus
1272 3940 1316 4005 sit
1335 3944 1368 4005 et

171 4080 376 4100 m

205 4172 236 4239 1)
255 4188 276 4223 c.
297 4169 427 4224 Timarch.
447 4173 518 4243 pc,
539 4171 553 4238 p
575 4174 618 4224 39.

205 4261 235 4328 2)
255 4257 373 4327 Plutum,
394 4257 470 4312 heitr.
492 4277 538 4311 zur
559 4258 669 4315 kenntn.
689 4260 714 4315 d.
731 4269 779 4316 att.
800 4278 821 4315 r.
843 4279 867 4334 p.
878 4262 940 4314 235.

206 4350 236 4417 a)
255 4347 405 4418 [νόησον]
425 4350 547 4419 paors,
569 4349 583 4418 a
604 4352 647 4403 sa.

206 4437 236 4508 r)
255 4434 292 4492 tl.
313 4438 435 4509 paeri,
454 4437 468 4504 a
490 4439 533 4489 ⁵0.
