2842 5018
670 289 733 352 106

107 475 271 565 Polyarati
294 471 358 540 filia
382 470 480 539 afiam
503 478 670 559 praeterea
692 470 826 540 haberet
848 473 1038 555 mulierem,
1063 477 1159 544 ouius
1184 478 1243 545 isti
1265 479 1302 545 ti·

108 595 180 662 lteri
211 595 290 672 siut,
321 601 355 660 et
374 592 469 658 binas
491 590 631 658 familias
654 589 777 672 aleret,
802 591 866 659 illis
889 595 1034 662 moribus
1057 599 1235 685 peouniam
1257 619 1305 669 re·

107 706 268 801 linquere
285 711 450 801 potuerit?
498 711 560 776 Ex'
576 709 638 777 fooi
671 713 832 778 sententia
864 720 973 782 tamen
998 724 1131 804 apparet
1155 717 1235 785 huie
1258 739 1306 786 ar·

109 834 346 922 gumentationi
380 851 444 898 non
475 829 615 897 multum
646 829 858 899 tribuendum
889 853 993 912 esse,
1009 854 1085 903 nam
1110 837 1304 906 Mantithenr

111 947 183 1022 aliis
204 950 284 1022 foo'is
306 952 471 1020 contraria
494 948 594 1018 refert
607 954 649 1017 'et
672 949 706 1017 h.
726 949 753 1016 f.
778 951 848 1038 ipse
871 953 1044 1022 confitetur
1066 965 1196 1044 patrem
1214 977 1304 1026 suun

109 1083 174 1144 non
194 1082 357 1142 attentum
377 1072 477 1139 fnisse
496 1070 535 1137 ad
556 1072 625 1138 rem
645 1069 844 1157 aagendam
863 1085 1033 1161 praeterea
1043 1097 1230 1145 sermonem
1242 1097 1304 1146 esse

110 1196 150 1264 efe
181 1206 218 1264 te
244 1188 560 1284 parum'honoritiei
583 1199 726 1276 arguunt
749 1193 894 1278 proxime
917 1196 1103 1281 sequentia:
1130 1216 1216 1283 »ego
1236 1216 1304 1264 rem

110 1312 353 1383 it·'0mntam.”
399 1311 544 1380 Pudebat
565 1330 641 1378 enm
665 1310 767 1396 igitur
791 1312 935 1381 indicare
960 1315 1113 1392 modum,
1138 1317 1303 1402 quonian

109 1437 174 1502 tias
193 1453 262 1502 rem
282 1428 493 1502 domesticam
514 1431 704 1509 minuisset,
725 1431 829 1499 sedeo
842 1433 1003 1520 ipoosatis
1016 1434 1187 1522 indicarit.
1214 1435 1305 1507 Nema

112 1563 309 1620 tamennon
333 1552 420 1619 ridet
443 1549 643 1638 priorefooo
665 1548 879 1618 Mantitheum
902 1553 1051 1622 confiteri
1075 1555 1305 1643 Plangonema

114 1674 236 1740 Martia
259 1671 361 1738 unu-lta
386 1667 547 1757 aoeepfsse
570 1677 603 1750 et
626 1667 727 1736 altero
744 1668 818 1737 'fere
841 1690 971 1759 negare.
1099 1758 1104 1764 Ι

159 1794 309 1859 Forsitan
340 1793 413 1879 quis
445 1791 523 1857 haee
554 1788 681 1867 omnia,
714 1809 796 1875 quae
823 1792 1019 1860 Mantitheus
1042 1792 1081 1860 de
1105 1795 1212 1880 patris
1235 1813 1306 1865 oum

112 1908 276 1999 Plangere
305 1906 539 1979 consuetudine
568 1907 686 1987 refert,
718 1912 875 1978 oratorias
906 1894 993 2000 artes
1020 1913 1126 1990 dioet;
1151 1923 1305 1983 oratorem

112 2041 222 2100 antem
255 2032 302 2099 ita
331 2030 475 2098 loentum
506 2051 576 2099 esse
600 2040 637 2098 ιιι
661 2032 814 2098 Boeotum
838 2052 913 2100 enm
940 2031 1040 2101 fratre
1064 2035 1162 2121 quasi
1185 2035 1308 2121 spurios

112 2152 288 2242 pungere13
311 2153 340 2217 is
362 2158 490 2238 reputet
513 2151 726 2221 Mantithenm
750 2152 811 2218 hoe
833 2161 982 2238 agentem
1004 2152 1103 2220 simuf
1121 2156 1229 2243 patris
1248 2173 1308 2236 me·

112 2263 234 2341 moriae
265 2271 349 2338 male
375 2269 603 2338 consulturum
625 2281 658 2339 et
682 2271 852 2339 manifeste
874 2281 1093 2362 ostensurum!
1106 2271 1215 2342 fuisse
1236 2276 1309 2365 istus

112 2391 338 2480 filiosprooul
359 2389 456 2457 ¹omni
483 2387 586 2458 tfubio
615 2392 644 2458 a‘
662 2393 824 2479 Plangere
848 2401 958 2481 partos
981 2413 1050 2461 esse
1071 2394 1234 2474 Martiae,
1254 2395 1307 2482 qui

113 2512 229 2581 dei‘ntfe
251 2511 291 2578 ab
313 2530 351 2578 ea
375 2507 516 2577 muliere
534 2508 712 2580 ooaet'us
735 2521 802 2580 est
825 2520 862 2579 ut
885 2512 964 2579 istos
989 2533 1046 2599 pro
1069 2515 1138 2602 suis
1160 2533 1308 2601 agnosse

117 2622 228 2722 ret'¹)'.'
256 2632 334 2698 ‘Cur
351 2638 464 2697 autem
488 2631 648 2710 Martias,
676 2633 703 2699 si
726 2633 845 2698 revera
859 2639 951 2717 pater
973 2633 1113 2700 istorum
1138 2653 1203 2701 non
1226 2641 1311 2712 erat,

112 2746 284 2822 mulierem
306 2744 380 2816 'non
410 2748 586 2818 refutarit?
618 2751 683 2818 Gur
715 2749 846 2817 mulieri
869 2751 1039 2836 pecuniam
1065 2751 1168 2831 dedit,
1194 2760 1231 2819 ut
1254 2772 1311 2824 nee

111 2872 204 2962 garet
226 2874 306 2938 istos
329 2870 469 2936 Mantiae
491 2869 573 2940 tilios
595 2869 683 2937 esse?
715 2870 780 2937 Gur
811 2870 843 2935 in
868 2870 920 2937 ius
941 2878 1073 2938 voratus
1095 2891 1115 2938 a
1134 2871 1199 2939 filio
1218 2871 1311 2963 Piens

111 2983 205 3082 gonis
228 2984 308 3059 natu
330 2987 453 3057 maiore
476 2987 510 3056 in
530 2989 688 3057 indicium
710 2992 773 3056 noir
798 2989 904 3056 reniti
953 2990 1153 3059 Mantithens
1171 2991 1310 3064 affirmat

113 3105 196 3182 enm'
221 3112 281 3178 hoo
311 3111 459 3176 omisisse
471 3110 518 3198 ¹),
547 3108 689 3176 veritum
713 3129 754 3176 ne
776 3110 852 3196 quis
872 3129 896 3195 ,a
921 3130 974 3190 se,
995 3117 1032 3176 nt
1055 3113 1247 3184 versatoin
1265 3132 1308 3185 rt·

115 3230 260 3320 pnbff'ea,
275 3246 277 3251 ·
291 3229 367 3296 alibi
398 3230 524 3315 uspiam
557 3228 698 3296 offensus
731 3229 776 3294 ihi
807 3230 842 3295 in
873 3249 908 3296 se
938 3229 1136 3300 incursaret.
1184 3231 1309 3311 Attalo

114 3342 343 3438 argumentum
372 3346 471 3414 nauti
501 3367 564 3415 non
598 3348 703 3432 facio,
733 3369 809 3416 eum
838 3349 945 3436 potius
968 3350 1118 3418 videatur
1141 3350 1307 3446 nifriflim·

113 3459 395 3561 pedtrt'deouisse
418 3464 571 3536 Martiam
596 3470 704 3557 ipsum
728 3470 888 3537 oratorem
912 3478 946 3537 et
969 3471 1003 3536 in
1026 3490 1063 3538 re
1085 3471 1306 3558 publicanor-¹

112 3601 221 3660 satum
236 3591 380 3668 ''rirurn,
411 3584 585 3676 quominus
608 3589 642 3656 in
663 3588 823 3657 indicium
843 3590 979 3658 veniret.
1026 3591 1135 3659 liaeife
1158 3590 1216 3682 atii
1239 3609 1306 3660 ore·

112 3714 238 3779 tionum
273 3710 337 3778 loei
365 3703 701 3796 ¹nobfs'persuade'nf'
719 3706 873 3776 Martiam
906 3731 1020 3778 revere
1048 3719 1174 3798 patrem
1199 3711 1306 3779 Boeoti

111 3831 288 3917 fratrisque
310 3831 381 3896 eins
404 3827 505 3896 fuisse
525 3826 703 3914 eorumque
722 3830 860 3895 matrem
881 3828 1059 3916 deperisse;
1079 3831 1107 3897 si
1127 3831 1216 3898 enim
1238 3837 1307 3919 post

111 3940 211 4016 hutu's
234 3942 399 4026 fraudem,
423 3967 506 4035 quae
529 3946 569 4014 ab
593 3943 775 4015 oratoribus
797 3949 895 4017 toties
918 3948 1089 4037 oufpatnr,
1112 3959 1145 4017 et
1168 3951 1306 4044 Mantiae

112 4057 191 4156 ipsi,
221 4077 259 4134 ut
287 4068 417 4154 opinor,
450 4067 502 4131 rix
525 4065 657 4133 ferenda
680 4087 751 4134 esse
774 4067 902 4147 debuit,
926 4090 998 4138 eam
1022 4090 1099 4139 enm
1125 4069 1202 4138 filiis
1225 4069 1305 4138 odie

113 4196 179 4266 set,
203 4206 267 4253 non
293 4185 457 4273 usquead
482 4193 619 4252 mortem
644 4186 684 4253 iis
706 4206 786 4254 usus
809 4187 946 4299 esset2).

113 4311 324 4326 *ἡ*

149 4366 180 4433 1)
199 4369 265 4416 orat.
284 4364 310 4429 1,
331 4378 355 4434 p.
366 4361 435 4428 995,
456 4362 471 4430 §
490 4365 507 4414 3
526 4368 554 4414 et
572 4378 646 4435 saepe
665 4359 736 4416 aiibi.
889 4398 892 4403 «
921 4398 926 4411 .,
951 4404 955 4411 .

146 4453 177 4522 2)
196 4469 216 4504 ι.
237 4469 261 4524 g.
282 4458 345 4505 orat.
367 4453 405 4517 n,
425 4451 547 4522 prore,
568 4452 582 4519 a
601 4453 683 4506 nae
701 4469 727 4522 p.
739 4453 824 4522 rona,
844 4453 931 4521 pan=
