2842 5018
641 277 703 342 101

72 483 191 552 genere
211 482 274 528 nou
294 461 534 549 tiquctssolunr
554 462 641 528 enirn
662 461 748 548 quod
766 469 871 528 exstet
892 462 1075 550 exemplum
1095 474 1145 533 est
1158 467 1268 536 liuius·

72 583 161 651 modi
182 584 228 669 ¹t:
248 584 462 669 Dicaeogenes
484 583 540 671 (ΙΙ)
556 631 565 662 ,
584 583 752 650 Menexeni
764 582 867 658 iilius,
880 583 1089 672 Dicaeogenis
1101 587 1142 676 (1)
1155 608 1268 676 nepos,

74 725 152 772 oum
196 701 396 769 trierarchus
440 710 536 789 portu
576 702 725 771 solvisset
764 704 800 769 in
834 703 964 783 Parate,
1002 726 1151 792 pugnans
1185 709 1270 795 apud

73 825 213 892 Cnidum
245 824 413 899 occubuit;
445 823 507 889 boc
538 823 608 890 sine
639 823 726 910 prole
749 822 921 905 defuneto,
944 825 1109 893 Proxenus
1132 830 1271 894 maritus

73 946 282 1031 bicaeogenis
307 945 347 1034 (1)
373 943 475 1022 filiae,
497 952 590 1030 pater
613 944 823 1029 Dicaeogenis
847 945 920 1034 (ΙΙΙ)
942 952 1175 1014 testamentum
1199 968 1271 1036 pro

76 1067 169 1145 tulit,
200 1067 254 1132 cui
278 1065 375 1132 fidem
400 1063 555 1132 hebentes
577 1085 689 1131 eorum
713 1065 769 1151 qui
792 1084 923 1132 cansam
947 1066 1062 1134 dicunt
1084 1075 1193 1155 patres
1218 1068 1270 1135 be·

75 1186 249 1255 reditatem
269 1184 436 1260 dividuot;
457 1185 504 1251 sio
525 1183 577 1250 bic
599 1185 814 1270 bicneogenes
833 1184 879 1251 ΙΙΙί
900 1187 1090 1274 Dicaeogeni
1102 1189 1271 1256 Menexeui

77 1307 143 1373 filio
167 1306 253 1374 filius
277 1305 448 1392 adoptatus
470 1303 576 1371 iactus
602 1312 651 1370 est
676 1323 713 1370 ea
737 1303 806 1390 tege
828 1313 866 1371 ut
888 1305 1007 1372 triente
1029 1315 1201 1375 contentus
1219 1327 1270 1374 es·

75 1434 141 1496 set:
172 1425 371 1512 reliquorum
403 1432 513 1492 autem
544 1432 670 1512 partem
702 1431 805 1490 ratem
830 1424 893 1491 sibi
915 1445 936 1492 a
960 1425 1122 1494 iudicibus
1144 1427 1270 1495 adiudi-

74 1549 144 1615 cari
164 1546 298 1615 curabat
318 1565 530 1634 unaquaeque
548 1545 716 1612 Menexeni
737 1520 915 1614 fitiorum?
961 1547 1023 1614 Per
1037 1555 1269 1616 testamentum

77 1670 178 1755 igitur
208 1667 302 1735 beros
324 1667 478 1735 scribitur
501 1666 716 1752 Dicaeogenes
740 1666 810 1755 (ΙΙΙ)
835 1675 868 1733 et
889 1667 923 1733 in
946 1667 1091 1737 defuncti
1112 1669 1269 1737 familiam

77 1789 260 1875 adoptatur.

124 1907 170 1972 lte
200 1906 381 1973 actionibus
410 1906 594 1973 forensibus
623 1924 707 1990 quae
738 1924 779 1971 ex
806 1903 977 1990 adoptione
1011 1915 1161 1993 poterant
1190 1909 1271 1976 oriri

79 2025 179 2092 bieier
201 2025 321 2110 egitir
344 2025 456 2093 bicicri
478 2033 512 2091 et
536 2023 751 2092 Seboenaanni
774 2023 857 2090 libro
880 2021 919 2091 de
942 2022 1001 2092 lite
1022 2027 1172 2116 atticen.

581 2289 778 2304 Μ

650 2483 704 2555 11.

190 2731 242 2800 bb
269 2729 505 2800 rtuuurutt
530 2730 581 2797 ΕΙ
603 2721 864 2802 {brunantun
890 2729 1025 2799 lubun
1054 2731 1160 2799 abab

431 2838 620 2908 auriana
654 2842 703 2907 bu
731 2839 934 2908 inultus,

664 3284 695 3351 Ι.

432 3485 478 3529 oe
508 3483 653 3530 narare
683 3482 926 3535 roresrnrn.

130 3647 289 3734 Inquisita
311 3645 443 3725 γνησίων
464 3650 498 3710 et
522 3642 607 3710 eddon
627 3641 742 3709 deinde
761 3645 938 3720 εἰσπονῆνων
958 3642 1146 3708 condicione
1165 3641 1274 3709 viden·

84 3767 163 3835 dum
196 3776 245 3835 est
275 3763 315 3832 de
345 3764 451 3851 patria
482 3768 655 3851 potestate,
695 3781 777 3850 quac
807 3770 917 3829 tomen
947 3759 1032 3849 apud
1064 3760 1276 3828 Athenienses

122 4006 155 4074 1)
173 4007 207 4057 la.
226 4001 258 4056 de
280 4000 394 4070 Diooeog.
415 3996 469 4052 ber.
488 4015 514 4070 p.
525 3999 577 4064 50,
596 3999 612 4066 d
632 4000 658 4052 6.

122 4095 154 4164 2)
172 4111 198 4165 p.
209 4093 263 4145 442
281 4107 337 4163 sqq.
356 4117 392 4130 -
410 4090 497 4157 Quam
515 4103 633 4159 perverse
647 4085 747 4161 saepius
766 4086 793 4141 in
811 4085 886 4141 libris
904 4087 937 4141 de
954 4085 1159 4164 antiquitatiboe
1178 4089 1275 4161 graeci·

84 4184 113 4237 in
128 4181 256 4236 iuvenum
274 4194 353 4231 usum
372 4172 523 4249 conscriptis
537 4191 577 4230 reo
596 4184 773 4249 proponantur
787 4175 864 4229 docet
879 4175 1029 4252 exemplum
1048 4175 1096 4232 boc
1115 4177 1229 4251 petitum
1243 4195 1276 4233 ox

86 4270 137 4325 riri
161 4269 261 4325 doctiss.
287 4264 417 4321 uicbattis
443 4263 562 4339 Epitorne
584 4263 709 4339 antiquit.
733 4281 798 4320 rom.
816 4273 845 4319 et
860 4284 897 4339 gr.
916 4284 941 4340 p.
952 4269 1018 4321 119:
1038 4264 1276 4340 »adoptione-elie·

86 4360 144 4416 noti
160 4378 211 4414 non
228 4357 287 4432 plus
306 4353 480 4412 ntdrcobmee
495 4352 681 4427 accipiebant.''
720 4352 796 4426 Quod
811 4354 883 4411 unde
898 4355 937 4411 rir
952 4355 1053 4414 doctiss.
1068 4355 1190 4412 didicerit
1199 4357 1277 4432 plene

86 4467 180 4505 neocro.
