2842 5018
681 289 724 350 90

110 469 230 538 nullam
262 469 359 536 aliam
391 468 430 536 ob
461 487 592 536 ceresam
617 470 709 547 fecit,
734 489 830 557 quum
856 479 890 537 ut
915 472 1029 538 domus
1053 491 1111 539 suu
1137 492 1176 539 ne
1202 472 1309 538 inter-

107 592 190 670 iret,
216 593 243 656 si
267 589 371 677 proles
393 608 431 656 ex
454 608 492 655 ca
516 597 592 654 nata
611 609 675 654 non
694 599 789 656 esset.
838 589 872 656 Si
894 591 999 677 proles
1020 599 1096 657 nata
1116 598 1218 671 essct,
1246 592 1313 656 iam

108 710 202 788 satis,
225 712 353 798 opinor,
380 710 542 776 testatoris
566 707 674 774 domui
697 709 881 776 consultum
905 719 994 786 erat;
1018 711 1136 798 aliquis
1157 712 1248 778 euim
1273 732 1312 778 ex

109 831 279 919 adoptatae
301 829 375 895 liliis
398 836 477 896 tuuc
502 827 652 894 defuncto
676 827 762 894 filins
786 831 914 896 institui
937 839 1078 918 poterat.

155 951 236 1017 Hinc
260 968 387 1037 quoque
411 947 533 1015 factum
555 954 604 1014 est
626 955 662 1014 ut
682 967 925 1036 nonnumquam
948 949 1135 1018 moribundi
1158 950 1311 1017 iuberent

112 1079 259 1156 nepotem
282 1067 344 1134 sibi
367 1087 407 1133 ex
431 1066 495 1133 filia
519 1069 721 1133 nasciturum
745 1066 891 1154 adoptari
915 1069 949 1133 in
973 1088 1068 1135 suam
1091 1069 1248 1145 domum,
1275 1077 1311 1135 ut

110 1190 150 1257 ab
182 1187 294 1256 codem
316 1187 404 1254 Isaeo
428 1186 583 1253 discimus
597 1187 641 1274 ¹),
664 1188 721 1273 qui
746 1194 859 1254 narrat
882 1186 1064 1276 Pyrrhum,
1088 1187 1128 1254 de
1153 1208 1220 1274 quo
1246 1191 1310 1255 iam

110 1309 246 1396 supra2)
271 1307 428 1385 diximuS,
455 1305 573 1372 »alium
596 1325 615 1372 c
636 1308 782 1391 cognatis
800 1308 829 1372 si
851 1306 1050 1394 adoptasset,
1072 1327 1139 1374 una
1161 1328 1240 1374 cum
1261 1308 1314 1374 he·

108 1428 247 1495 ruditate
271 1427 370 1492 liliam
394 1446 521 1512 quoqne
542 1427 573 1491 ei
596 1424 749 1491 daturum
772 1425 871 1492 fuisse
895 1447 1051 1505 uxorem,
1078 1431 1174 1515 eique
1201 1428 1314 1494 lienis

110 1568 164 1628 se,
197 1549 225 1612 si
257 1545 369 1613 revera
401 1566 545 1613 sororem
575 1545 740 1612 Nicodcmi
771 1554 918 1613 curasset
939 1548 1001 1613 sibi
1025 1547 1312 1634 despondendanr,

110 1667 208 1733 liliam
233 1685 316 1751 quae
340 1685 378 1731 ex
400 1684 438 1731 ea
463 1673 537 1730 nata
558 1685 630 1748 esse
655 1663 818 1732 diceretur
843 1666 877 1731 iu
902 1665 1071 1751 phrateras
1093 1667 1254 1735 inducere
1279 1679 1314 1734 ut

112 1807 151 1852 ex
182 1806 216 1851 se
247 1784 390 1870 legitime
421 1792 531 1851 natum
554 1805 689 1872 comque
712 1785 862 1852 heredem
889 1787 1048 1852 universis
1072 1787 1190 1873 opibus
1216 1788 1314 1855 relin-

111 1925 227 1992 quere,
259 1925 296 1971 ea
323 1905 452 1990 legent
475 1907 642 1991 proximus
666 1912 823 1989 cognatus
843 1924 915 1971 eum
940 1905 1001 1971 sibi
1026 1927 1045 1972 a
1068 1906 1234 1973 iudicibus
1256 1929 1313 1974 cu·

111 2034 199 2092 reret
223 2024 470 2092 adiudicandam
494 2035 526 2092 ct
549 2046 567 2092 c
590 2024 778 2111 nepotibuS‚
801 2026 828 2091 si
852 2026 909 2111 qui
933 2046 971 2092 ex
997 2026 1062 2091 fllia
1081 2036 1314 2105 nascerentur,

112 2167 198 2213 unus
228 2146 346 2232 aliquis
379 2146 440 2212 sibi
465 2147 693 2211 institueretur
717 2144 774 2210 frlii
798 2144 902 2212 loco.”
948 2145 1068 2212 Eodem
1095 2147 1193 2212 modo
1218 2147 1313 2233 Apol-

112 2266 259 2335 lodorum
280 2266 426 2332 videmus
446 2285 588 2332 sororem
609 2284 701 2331 suam
724 2264 873 2331 heredem
897 2266 1122 2333 instituentem
1137 2267 1180 2354 ⁸),
1194 2269 1223 2333 si
1236 2267 1315 2354 quid

114 2386 175 2452 sibi
200 2386 307 2453 secius
330 2384 501 2452 accidisset
524 2387 557 2450 iu
581 2383 679 2464 bello,
709 2392 741 2450 et
765 2383 862 2449 simul
888 2385 1233 2470 nuptum'clocautcur
1258 2386 1316 2452 La·

113 2504 256 2571 cratidae
289 2504 430 2570 cuidam.
478 2503 568 2585 Quod
592 2505 684 2590 plane
709 2503 794 2570 idem
818 2512 868 2569 cst
890 2504 1072 2590 adoptioni,
1106 2525 1184 2571 nam
1210 2526 1251 2571 ex
1277 2507 1317 2571 iis

115 2644 197 2712 quac
228 2623 437 2710 Apollodorus
468 2630 576 2709 postea
600 2624 724 2710 peregit
745 2630 878 2709 apparet
896 2643 971 2689 cum
993 2643 1135 2690 sororem
1160 2644 1257 2691 suam
1279 2645 1318 2690 eo

114 2743 249 2812 consilio
279 2740 467 2808 hacretidae
488 2740 722 2828 despondisse,
755 2750 790 2807 ut
822 2741 906 2807 lilius
938 2762 978 2808 eu
1009 2743 1070 2808 hoc
1103 2745 1318 2810 matrimonio

116 2865 303 2931 nasciturus
328 2865 359 2928 iu
383 2881 475 2929 suam
500 2862 735 2950 adscisceretur
759 2861 907 2935 domum-3
927 2882 1002 2929 cum
1023 2865 1112 2928 enim
1131 2861 1245 2928 salvus
1268 2883 1317 2929 rc·

115 2986 181 3051 dux
210 3005 250 3050 cx
281 3003 318 3051 ea
350 2982 566 3069 expeditione,
596 2969 630 3046 in
664 3001 758 3067 quam
790 2979 994 3067 profecturus
1020 2981 1054 3047 id
1078 2990 1316 3049 testamentum

115 3105 254 3181 fecerat,
282 3103 342 3170 lroe
366 3103 566 3188 antiquasset
589 3121 786 3187 uxoremque
811 3103 877 3187 ipse
900 3101 1061 3180 duxisset,
1086 3119 1225 3188 sperans
1249 3102 1317 3168 fore

116 3220 238 3291 ut'silri
262 3221 355 3288 liberi
380 3228 607 3300 nascerentur,
633 3229 728 3306 atquc
752 3240 789 3287 ea
814 3229 920 3287 tamen
943 3241 1015 3307 spes
1035 3241 1110 3287 eum
1132 3220 1317 3298 fefellisset,

117 3342 219 3408 lilium
244 3342 367 3406 interea
390 3360 429 3406 ex
452 3360 558 3406 sorore
582 3348 694 3405 natum
720 3338 932 3427 adoptaret).

164 3461 362 3528 Gravissima
393 3461 498 3525 oritur
527 3461 759 3534 controversia,
793 3478 871 3524 num
905 3458 1002 3536 filiae,
1034 3467 1071 3524 ut
1106 3461 1154 3525 ita
1188 3461 1318 3536 dicam,

118 3583 287 3668 adoptatae
323 3581 388 3644 sint
411 3580 537 3645 ἐπίδικοι
562 3577 703 3647 defuncti
729 3580 874 3663 proximo
897 3585 1044 3663 cognato.
1093 3580 1238 3647 Prorsus
1263 3581 1320 3647 dc-

118 3709 194 3768 sunt
229 3701 430 3777 testimonia,
459 3698 577 3784 quibus
607 3697 685 3782 quid
716 3697 966 3782 respondeamus
998 3697 1176 3766 discamus
1230 3702 1320 3767 Bun·

117 3821 214 3910 scol)
247 3818 385 3898 affirmat
417 3818 495 3906 sincq'
515 3814 612 3881 dubio
635 3817 679 3881 ita
704 3816 811 3882 fuisse.
859 3816 1017 3903 Equidem
1043 3838 1136 3904 nego.
1188 3820 1320 3906 Apollo·

116 3991 316 4006 μ--υ-

155 4087 184 4155 1)
204 4083 236 4137 de
256 4081 348 4157 Pyrrhi
369 4080 422 4134 her.
443 4099 467 4153 p.
479 4082 528 4147 45,
549 4081 563 4146 f
585 4081 626 4132 73.

156 4177 186 4245 2)
206 4193 229 4246 p.
242 4175 292 4240 72,
312 4190 338 4224 n.
361 4175 384 4222 1.

153 4266 183 4332 3)
204 4266 237 4316 ls.
256 4261 289 4314 de
310 4257 394 4330 Apoll.
415 4255 467 4309 hor.
488 4275 512 4327 p.
525 4259 575 4321 64,
595 4257 609 4324 §
631 4258 656 4310 9.

153 4355 183 4422 4)
203 4349 242 4405 l.l.
260 4369 284 4422 p.
296 4351 346 4413 63,
371 4347 385 4414 §
406 4347 431 4397 4.

152 4445 183 4512 5)
201 4439 233 4494 de
251 4439 302 4492 iur.
323 4435 376 4489 lrcr.
391 4431 460 4506 epud
482 4435 579 4486 Athen.
596 4451 621 4504 p.
633 4434 677 4487 65.
