2842 5018
698 256 739 316 52

123 457 185 527 que
217 439 335 505 habere
365 438 465 504 voluit
497 438 574 526 (quo
605 444 698 522 paeto
729 444 837 502 autern
865 439 1156 525 praetermittam),
1180 450 1315 526 argento

121 569 251 647 accepto
282 559 433 634 tradidit;
461 557 593 645 proinde
616 557 721 644 puella
745 578 832 623 nrrnc
856 566 904 624 est
928 559 1095 646 Corcyrae.
1143 560 1227 626 Eum
1250 562 1315 646 igi·

119 690 192 758 tur,
215 679 271 767 qui
294 699 435 746 sororem
461 697 595 765 peregre
617 677 838 745 adducendam
862 677 1001 744 elocasse
1025 698 1094 745 sese
1118 679 1216 754 dicit,
1239 698 1314 746 ven-

120 800 203 866 didit
222 817 335 868 revera
348 799 395 888 ¹),
421 817 494 864 eum
517 818 572 863 vos
591 818 654 862 uon
676 797 886 884 perimatis?”
935 797 1025 878 Quod
1047 807 1172 864 tautum
1186 797 1313 868 lacinus

119 921 320 986 Timocrates
351 917 567 994 commiserit,
601 925 636 982 ut
668 917 785 1003 dignus
805 925 902 1002 ‚esset
932 919 988 1003 qui
1023 927 1128 985 morte
1158 919 1312 1006 plectere

118 1048 175 1106 tur
196 1039 270 1106 luco
297 1038 418 1104 elarius
440 1045 491 1104 est
515 1057 553 1104 ex
577 1037 714 1102 oratoris
736 1036 859 1103 verbis:
891 1037 1090 1104 vendidit
1121 1058 1311 1109 sororem

119 1176 254 1235 suam;
285 1160 354 1245 ipse
385 1166 494 1224 tamen
522 1158 721 1223 Timocrates
745 1156 826 1222 dixit
850 1177 892 1223 se
917 1176 1004 1224 eam
1029 1157 1312 1244 despondisse

118 1275 389 1346 educendam.
436 1279 568 1344 Minime
603 1277 704 1362 igitur
739 1285 834 1362 negat
869 1278 1069 1345 Timocrates
1102 1298 1135 1344 se
1167 1298 1311 1347 sororem

118 1415 211 1464 suam
244 1396 420 1485 Corcyraeo
452 1396 675 1483 despondisse,
708 1396 793 1462 unde
816 1406 950 1483 apparet
973 1416 1047 1463 eum
1074 1405 1205 1484 propter
1228 1398 1312 1466 hauc

118 1536 248 1584 causam
271 1519 304 1582 iu
324 1517 419 1603 eulpa
437 1536 507 1582 esse
528 1536 589 1581 non
611 1518 773 1603 potuisse,
793 1536 867 1583 uam
889 1517 1007 1604 alioqui
1030 1519 1098 1604 ipse
1112 1538 1173 1583 uon
1187 1519 1233 1584 ita
1247 1521 1312 1584 siu·

119 1657 191 1705 cere
217 1635 383 1704 confessus
406 1646 490 1702 esset
513 1657 546 1702 se
570 1636 603 1701 id
626 1635 757 1714 iecisse,
782 1657 840 1703 uec
860 1637 1065 1704 adversarius
1084 1640 1119 1702 in
1141 1637 1313 1705 vehemen-

116 1758 244 1825 tissima
264 1756 318 1823 illa
338 1756 517 1843 cupiditate
534 1755 584 1822 vel
605 1757 675 1843 ipsa
690 1756 851 1843 sponsalia
864 1758 926 1824 ista
938 1777 1092 1824 accusare
1104 1758 1309 1844 neglexisset.

116 1882 159 1945 At
190 1876 349 1964 sponsalia
379 1877 524 1962 turpiore
556 1877 686 1942 nornine
716 1877 911 1944 venditionis
943 1877 1139 1964 compellans
1171 1877 1309 1944 ostendit

30 2070 33 2080 ,
116 2016 180 2064 nou
209 1997 265 2063 illa
295 1996 351 2064 sed
380 1996 463 2062 lrane
495 2016 595 2082 poeua
625 1996 756 2082 dignam
783 2016 871 2076 esse,
895 2017 954 2063 uec
978 1997 1065 2063 huno
1088 1997 1196 2063 locum
1221 1996 1311 2063 aliud

117 2117 196 2205 quid
228 2117 363 2203 probare
394 2135 510 2182 censeo
533 2117 597 2181 nisi
622 2115 802 2183 Athenis
826 2137 904 2182 nou
928 2117 1112 2184 licuisse
1135 2119 1197 2183 ἐπ’
1221 2115 1310 2194 ἔξω·

115 2247 230 2321 yoyp
250 2236 430 2303 vendere
450 2255 630 2302 sorores
676 2237 918 2304 Matrimonium
940 2239 1023 2304 inire
1043 2257 1116 2303 cunr
1130 2237 1309 2326 Corcyraeo

115 2359 179 2425 ciri
214 2359 332 2424 atticae
360 2377 423 2423 non
449 2355 578 2422 licuisse
601 2355 683 2421 milri
706 2356 866 2423 obiicitur.
914 2359 963 2424 Ita
987 2366 1053 2435 est,
1077 2358 1133 2424 sed
1158 2378 1233 2425 cunr
1253 2378 1309 2424 ac·

114 2486 245 2544 cusator
272 2477 352 2544 adeo
375 2476 505 2543 studeat
526 2475 748 2542 demonstrare
773 2477 989 2543 Timocratem
1014 2496 1076 2543 nou
1103 2476 1310 2564 despondisse

112 2597 171 2664 sed
205 2597 385 2664 vendidisse
415 2615 557 2662 sororem
589 2614 699 2671 suam,
731 2596 775 2661 ita
809 2605 844 2661 ut
875 2598 968 2681 quasi
1002 2599 1115 2664 timeat
1137 2618 1177 2664 ne
1202 2600 1309 2666 Timo·

113 2724 220 2783 cretes
242 2716 420 2784 secuudum
445 2716 531 2800 leges
555 2734 696 2781 sororem
721 2715 928 2800 despondisse
951 2716 1115 2794 videatur,
1139 2717 1203 2784 lere
1223 2719 1307 2785 milui

113 2837 291 2923 persuadeo
322 2838 407 2904 iuter
437 2835 648 2902 Athenienses
680 2843 712 2901 et
742 2835 937 2923 Corcyraeos
964 2837 1159 2904 connubium
1186 2836 1308 2918 inisse,

111 2957 216 3042 quod,
239 2957 387 3043 quamuis
409 2957 491 3022 certi
512 2954 590 3040 quid
610 2963 753 3021 statuere
773 2975 836 3020 nou
856 2954 995 3042 liqueat,
1015 2958 1175 3043 suspicari
1195 2965 1305 3024 tamen

112 3075 187 3143 licet
219 3077 258 3142 ob
287 3078 471 3143 societatem
503 3075 586 3141 bello
616 3075 842 3162 peloponnesio
871 3077 984 3142 initam
1000 3078 1037 3166 ²).
1085 3077 1176 3160 Quod
1210 3080 1239 3145 si
1262 3080 1306 3144 ita

112 3204 179 3274 est,
210 3197 410 3262 Timocrates
441 3215 581 3260 sororem
611 3212 704 3260 suam
728 3172 862 3261 elocarit
885 3200 915 3262 ei
940 3199 993 3263 cui
1018 3217 1088 3264 earu
1112 3198 1231 3266 elocari
1256 3199 1306 3265 ius

112 3322 184 3381 erat
207 3334 312 3401 neque
335 3324 503 3404 propterea
526 3315 650 3401 culpari
676 3325 787 3401 potest.

156 3435 263 3502 Etiam
288 3437 329 3503 de
352 3437 571 3521 Aristogitone
590 3436 688 3502 lleier
709 3436 727 3501 l.
750 3435 772 3501 l.
797 3436 895 3511 dixit;
915 3436 968 3502 hio
989 3437 1060 3506 soil.
1081 3438 1120 3504 ab
1138 3445 1267 3505 oratore
1279 3435 1304 3526 ³)

111 3555 233 3623 dieitur
260 3562 495 3623 accusatus
526 3555 751 3642 essequod
774 3576 962 3622 sororem
988 3560 1192 3625 suama’ar'
1216 3556 1300 3635 ἔξω·

112 3687 224 3760 porri
248 3675 512 3743 vendiderit.
560 3675 719 3763 Equidem
744 3675 955 3743 libentissime
976 3677 1056 3743 milri
1075 3677 1254 3764 persuadeo
1273 3677 1304 3744 id

111 3799 244 3865 omuino
271 3796 340 3863 lieri
366 3816 429 3862 nou
452 3795 602 3874 licuisse,
626 3816 700 3863 curu
726 3815 765 3861 ne
788 3797 874 3882 patri
898 3795 1029 3882 quidem
1054 3799 1106 3863 ius
1128 3797 1303 3864 liberorum

112 3917 352 3985 vendendorum
374 3923 472 3991 esset;
485 3916 540 3983 sed
561 3936 634 3984 cum
657 3917 736 3981 istae
754 3917 913 3982 orationes
927 3924 1039 3982 contra
1052 3918 1302 4003 Aristogitonem

113 4075 317 4092 Ἄ

149 4166 180 4235 1)
200 4161 228 4218 ὃς
251 4145 298 4211 οὖν
323 4163 374 4226 τὴν
395 4158 445 4221 μὲν
462 4157 587 4223 ἀδελφὴν
604 4160 646 4209 ἐπ’
666 4157 788 4222 ἐξαγωγῇ
805 4159 871 4222 φησὶ
891 4155 941 4219 μὲν
958 4156 1104 4219 ἐκδοῦναι,
1122 4156 1252 4227 πέπρακε
1272 4153 1303 4208 δὲ

114 4251 152 4319 τῷ
167 4250 244 4320 iero·

149 4337 180 4405 2)
199 4332 280 4388 Thue.
302 4336 327 4399 l,
348 4335 384 4385 tc
402 4347 440 4404 sq.

150 4427 180 4495 3)
200 4421 358 4493 [nemesim]
378 4437 398 4473 c.
421 4417 530 4491 Aristog.
551 4421 578 4484 l,
600 4436 623 4489 p.
637 4419 704 4485 787,
724 4417 738 4485 §
759 4419 811 4486 55,
828 4417 863 4472 cl.
884 4419 898 4486 d
918 4421 961 4472 58.
