2842 5018
644 301 702 362 181

78 510 155 559 eum
188 488 361 571 Androcles
388 496 419 552 et
444 484 619 551 Antidorus
643 504 701 570 per
723 483 870 552 fraudem
894 486 1040 554 archonti
1067 489 1272 557 mandassent

80 621 118 680 ut
149 609 343 699 patrimonia
374 607 512 673 duorum
544 604 756 692 pupillorum,
785 609 877 692 quasi
901 607 1125 695 adoptatorum
1146 610 1187 676 ab
1208 612 1271 678 Eu·

79 733 237 800 ctemonis
261 729 335 795 filiis
357 727 535 801 defunctis,
560 726 695 804 locaret,
719 734 820 794 semet
842 729 903 814 ipsi
925 728 1040 796 horum
1062 739 1186 797 tutores
1203 752 1272 799 esse

80 855 243 930 dicentes,
276 870 351 917 cum
387 849 529 936 primum
566 846 739 913 tribunalia
773 847 1029 935 complerentur,
1064 851 1183 918 enchon
1214 852 1272 919 has

80 975 251 1042 facultates
282 969 432 1038 locandas
465 968 614 1055 proponit
648 975 680 1034 ct
714 968 888 1035 Androcles
923 990 996 1037 cum
1031 972 1184 1038 Antidoro
1219 993 1273 1040 eas

79 1094 313 1163 conducebant.
361 1090 649 1159 verumenimvero
679 1088 812 1156 fortuito
842 1091 1007 1160 eveniebat
1033 1100 1069 1158 ut
1092 1091 1192 1180 aliqui
1216 1095 1271 1181 qui

80 1217 159 1284 huic
189 1213 358 1282 licitationi
390 1213 584 1277 interessent
615 1209 697 1276 hanc
729 1209 875 1277 fraudem
899 1213 1123 1279 renuntiarent
1146 1213 1186 1278 iis
1208 1213 1271 1279 llu-
1325 1284 1327 1290 ,

79 1337 238 1404 ctemonis
259 1330 449 1399 necessariis
469 1331 525 1416 qui
546 1349 700 1415 magnum
722 1331 798 1397 inde
816 1331 969 1398 damnum
986 1332 1271 1419 passurifuissent.

80 1459 121 1524 Hi
144 1475 221 1541 ergo
245 1459 453 1520 accurrentes
477 1450 638 1517 iudicibus
662 1460 766 1518 totum
790 1452 975 1519 indicebant
999 1455 1180 1539 negotium,
1208 1475 1271 1541 quo

79 1579 164 1646 iacto
186 1574 311 1642 iudices
333 1571 490 1640 bonorum
514 1568 703 1638 locationem
726 1572 800 1638 latis
820 1571 983 1660 suffragiis
1001 1583 1183 1642 vetuerunt.
1222 1575 1272 1642 lbx

78 1700 118 1766 iis
151 1716 233 1785 quae
264 1696 375 1762 Isaeus
407 1701 518 1760 narrat
547 1703 679 1780 apparet
709 1696 746 1760 ei
778 1697 819 1760 in
850 1695 975 1762 euius
1007 1715 1130 1762 manu
1156 1703 1272 1762 esset

79 1816 279 1904 pupillus
324 1813 374 1880 ab
408 1812 615 1879 archonte
645 1814 871 1901 petendum
904 1813 1041 1881 fuisse
1072 1825 1117 1880 ut
1147 1815 1272 1881 huius

81 1934 316 2002 facultates
344 1935 521 2011 locaret
553 1933 706 2000 deinde
736 1934 935 2002 archonti
967 1935 1007 2001 id
1029 1935 1271 2004 faciendum

81 2054 220 2122 fuisse
249 2056 291 2121 in
324 2057 416 2122 iure
446 2054 569 2141 idque
592 2055 728 2141 primo
757 2074 917 2142 quoque
947 2064 1137 2142 tempore.
1184 2057 1273 2139 Quae

79 2195 156 2243 vero
189 2183 369 2262 sequuntur
398 2196 462 2242 non
494 2183 639 2262 spectant
673 2195 934 2264 unamquamque
965 2177 1173 2257 locationem,
1196 2197 1273 2245 nam

79 2317 144 2364 non
176 2297 285 2383 agitur
315 2295 354 2364 de
386 2297 603 2362 controversia
632 2296 716 2363 sitne
739 2298 972 2383 patrimonium
996 2297 1136 2365 locatum
1157 2298 1271 2387 quanti

78 2418 123 2484 sit
153 2414 292 2503 aequum
326 2434 385 2482 nec
414 2415 668 2482 conduxerintne
690 2416 715 2483 ii
738 2418 857 2504 quibus
880 2418 992 2498 liccat,
1018 2418 1074 2485 sed
1097 2418 1136 2486 de
1159 2418 1274 2486 fraude

79 2536 120 2603 ad
150 2544 255 2603 totum
288 2537 453 2622 negotium
477 2537 657 2623 pertinente
681 2545 712 2604 et
736 2541 914 2605 sententiae
935 2538 1086 2605 feruntur
1109 2559 1186 2605 num
1210 2541 1273 2607 ista

78 2658 273 2746 patrimonia
306 2660 430 2744 possint
460 2659 531 2724 iure
563 2659 673 2726 locari.
722 2659 886 2725 Probabile
911 2669 1018 2727 tamen
1041 2659 1170 2727 videtur
1191 2659 1274 2727 talea

78 2777 253 2844 locationes
283 2787 452 2865 propterea
484 2779 517 2845 in
549 2781 620 2846 iure
648 2779 733 2867 apud
764 2779 951 2847 archontem
982 2779 1084 2848 factas
1114 2801 1202 2854 esse.
1234 2789 1272 2847 ut

78 2900 190 2966 statim
212 2907 319 2985 posset
342 2897 513 2965 diiudicari
537 2899 576 2966 de
599 2901 748 2967 omnibus
771 2921 853 2987 quae
876 2901 950 2968 inde
969 2909 1099 2989 possent
1119 2903 1272 2988 consequi

77 3019 200 3087 litibus.
245 3019 310 3087 Nec
330 3018 583 3088 obliuiscendum
602 3030 651 3087 est
672 3020 868 3108 pupillorum
888 3041 1000 3088 curam
1021 3042 1118 3109 penes
1138 3021 1271 3089 archon·

80 3147 148 3207 tem
171 3138 282 3206 fuisse.

127 3260 328 3326 Tutorem
350 3259 535 3328 indicem
557 3261 818 3349 pupillorum
840 3265 1067 3351 patrimonii
1091 3261 1273 3330 debuisse

82 3379 253 3446 tradere
285 3379 481 3447 archonti
512 3389 556 3448 ut
588 3381 634 3448 ab
664 3383 741 3450 hoc
769 3382 1047 3450 elocarentur
1078 3383 1118 3450 ab
1142 3384 1270 3471 lsaco¹)

82 3500 254 3575 discimus;
285 3500 370 3587 quod
399 3522 474 3568 vero
497 3503 544 3569 ita
568 3503 811 3589 intelligendum
835 3513 884 3571 est
908 3513 944 3570 ut
965 3505 1084 3582 tutori,
1108 3506 1135 3570 si
1156 3503 1271 3592 pupilli

82 3641 135 3689 res
159 3622 258 3689 locari
282 3631 476 3709 praestaret,
500 3643 575 3689 oum
599 3623 654 3689 tali
678 3624 785 3691 indice
807 3625 926 3691 archon
951 3623 1118 3691 adeundus
1142 3633 1238 3692 essct.
1267 3664 1271 3674 ·

127 3743 249 3810 Rerum
269 3751 385 3809 natura
405 3741 441 3808 tit
463 3749 512 3820 ut,
533 3763 662 3828 operam
683 3753 715 3811 et
734 3744 875 3812 laborem
895 3747 922 3811 si
941 3754 1081 3833 spectas,
1099 3745 1272 3812 conductio

81 3883 145 3930 uon
168 3864 306 3931 inultum
328 3862 456 3931 differat
479 3863 518 3930 ab
538 3864 815 3932 administratione
833 3866 1054 3953 praediorum
1075 3867 1150 3934 hinc
1169 3870 1269 3934 stetui

81 3987 183 4072 possit
208 3992 330 4053 tutores
357 3985 551 4072 patrimonia
574 3986 768 4072 pupillorum
788 4008 850 4054 non
871 3991 1012 4075 potuisse
1031 3988 1209 4056 conducere
1222 3988 1269 4077 ²),

83 4140 294 4153 *un—

119 4229 149 4296 1)
168 4230 201 4279 Is.
221 4224 254 4277 de
273 4227 355 4297 llegn.
376 4223 429 4278 ber.
448 4245 472 4297 p.
483 4227 533 4293 87,
553 4228 568 4296 ᾗ
588 4230 631 4280 at.

118 4319 149 4387 2)
170 4323 201 4369 ut
218 4313 335 4380 Platner,
350 4314 396 4367 der
414 4331 481 4386 proc.
502 4319 541 4384 ΙΙ,
562 4336 586 4388 p.
596 4318 663 4382 282,
682 4315 743 4372 fecit
762 4328 789 4372 et
809 4329 940 4392 propterea
959 4320 1046 4375 locum
1061 4320 1125 4375 lsaei
1144 4319 1190 4391 (de
1209 4319 1268 4374 Phi·

81 4405 144 4459 loct.
162 4403 216 4458 her.
236 4424 259 4476 p.
271 4407 319 4470 59,
342 4405 357 4472 t
377 4407 424 4472 36)
453 4401 522 4457 mele
549 4404 735 4478 interpretatus
763 4417 810 4464 est.
848 4407 926 4465 Video
949 4422 1037 4465 tamen
1058 4410 1267 4466 Schoemanuum

82 4493 128 4563 (ad.
149 4496 248 4550 lsacum
264 4513 288 4567 p.
300 4497 366 4564 att)
385 4493 446 4549 satis
465 4510 526 4549 eum
541 4493 672 4551 refellisse.
