2842 5018
677 299 739 361 189

112 491 256 557 oratione
289 494 402 552 contra
433 483 631 567 lliogitonem
653 481 691 570 ¹).
737 482 911 568 Pupilli,
946 484 1101 571 quibus
1133 494 1299 556 tutores

112 615 361 682 nocuerant,
386 612 532 670 contra
557 603 629 669 bos
652 606 851 686 ἐπιτροπῆς
875 606 977 682 δίκην
1000 607 1298 686 instituebant,

112 733 206 800 ouius
247 728 384 796 actionis
425 726 504 796 satis
547 725 590 790 sit
631 723 763 792 laudare
802 725 986 812 exemplum
1017 727 1241 796 Demosthenis
1257 731 1297 820 ²).

111 853 203 919 Nisi
238 858 380 916 aretem
416 845 610 934 pupillus
644 846 759 912 intra
793 847 990 932 quintum
1024 867 1174 916 anuum
1209 859 1301 938 post

110 972 288 1041 tutelam
332 969 505 1035 linitam
547 975 733 1032 tutorem
764 968 805 1032 in
836 969 900 1034 ius
933 979 1157 1050 vocasset,
1190 974 1300 1038 cius·

111 1093 216 1160 modi
248 1093 363 1159 actio
386 1109 463 1156 non
488 1085 791 1174 recipiebatur,
822 1096 857 1155 ut
880 1087 1002 1157 diserte
1025 1098 1163 1158 testatur
1187 1093 1299 1159 bemo-

112 1215 241 1282 sthenes
254 1214 297 1302 3);
330 1220 388 1278 »ut
419 1217 527 1277 autern
559 1206 746 1294 intelligatis
767 1227 831 1274 non
854 1210 948 1277 modo
971 1231 1058 1278 nuuc
1082 1213 1122 1278 iis
1144 1213 1299 1280 iniuriam

112 1357 175 1402 non
199 1332 285 1412 lieri,
308 1331 365 1400 sed
388 1338 501 1398 contra
522 1349 634 1395 omnes
657 1329 742 1414 leges
762 1349 816 1396 eos
836 1329 927 1396 uobis
947 1331 1110 1399 molestias
1130 1333 1299 1421 praebere,

112 1476 182 1525 earu
211 1474 337 1542 quoque
366 1453 468 1538 legem
499 1449 589 1516 vobis
618 1450 754 1516 recitare
785 1449 872 1530 volo,
905 1472 987 1538 quae
1014 1462 1125 1540 aperte
1148 1452 1244 1533 licit,
1272 1457 1300 1522 si

112 1575 370 1665 quinquennium
401 1569 604 1659 praeterierit
634 1577 667 1637 et
696 1590 760 1635 non
790 1572 825 1636 in
857 1571 1015 1640 iudicium
1047 1575 1209 1651 venerint,
1236 1595 1300 1642 non

112 1697 251 1786 amplius
280 1693 366 1761 orbis
397 1711 492 1778 agere
522 1689 620 1757 licere
651 1689 690 1756 de
722 1691 761 1756 iis
783 1691 882 1758 rebus
905 1713 988 1779 quae
1011 1692 1051 1758 ad
1073 1694 1210 1761 tutelam
1229 1716 1317 1783 pcr··

111 1817 269 1885 tineent.”
314 1814 380 1880 lloe
409 1819 518 1878 autem
548 1810 691 1897 quinque
714 1831 872 1878 annorum
895 1821 1023 1901 tempus
1045 1813 1108 1881 alio
1131 1815 1238 1903 loco‘)
1260 1816 1300 1883 ab

115 1935 225 2003 eodem
248 1943 372 2001 oratore
394 1936 473 2000 satis
497 1931 646 1998 idoneum
670 1930 792 1999 dicitur
815 1933 901 1999 intra
923 1932 1009 2020 quod
1032 1955 1143 2004 omnes
1158 1937 1299 2024 postula-

114 2058 219 2123 tiones
252 2055 432 2141 exigantur:
470 2051 585 2119 »Solon
618 2053 705 2119 enim
737 2073 808 2120 mea
839 2056 987 2141 opinione
1015 2056 1102 2122 baud
1132 2057 1229 2124 aliam
1260 2059 1300 2124 ob

113 2196 245 2245 oausam
266 2195 338 2246 eam
358 2175 460 2262 legem
479 2175 571 2253 tulit,
593 2176 654 2240 nisi
674 2184 710 2242 ut
730 2194 770 2243 ne
789 2196 846 2242 vos
866 2176 1038 2243 calumniis
1055 2176 1299 2266 deciperemiui:

111 2319 187 2365 nam
211 2299 239 2365 si
262 2299 317 2367 eui
340 2296 424 2363 lacta
445 2305 530 2364 esset
552 2296 686 2375 iniuria,
711 2298 790 2363 satis
813 2318 881 2364 esse
905 2299 1164 2385 quinquennium
1184 2299 1224 2367 ad
1244 2321 1300 2368 ex·

112 2420 280 2507 igeudum,
309 2427 340 2486 et
364 2420 557 2486 mentientes
581 2427 723 2506 tempore
746 2419 924 2486 clarissime
948 2419 1101 2506 redargui
1125 2442 1217 2508 posse
1239 2442 1300 2511 pu-

111 2549 204 2607 tavit.
252 2541 294 2606 Et
325 2539 424 2607 simul
446 2541 564 2620 etiam,
596 2541 672 2626 quia
696 2560 758 2605 non
782 2560 874 2626 posse
898 2539 967 2606 lieri
981 2540 1072 2607 ‘vidit
1098 2550 1134 2608 ut
1156 2550 1190 2609 et
1211 2542 1300 2610 adiu·

110 2670 199 2726 tores
230 2669 263 2726 et
293 2667 392 2726 testes
425 2668 578 2747 perpetuo
607 2663 733 2740 vivant,
763 2661 796 2726 in
825 2680 936 2726 eorum
962 2660 1068 2727 locum
1092 2662 1173 2729 banc
1197 2664 1299 2751 legem

114 2779 259 2856 suffecit,
284 2788 321 2845 ut
344 2780 399 2864 qui
422 2779 473 2845 bis
496 2789 644 2848 carerent
666 2783 839 2868 aequitatis
861 2784 954 2848 testis
977 2784 1096 2849 esset.’'
1298 2761 1301 2763 ⁵

159 2902 223 2968 Lex
246 2919 284 2965 ea
307 2898 507 2984 aliquantum
533 2909 676 2968 tutorum
701 2901 880 2968 condicioni
903 2904 1082 2980 succurrit,
1102 2924 1182 2991 quos
1204 2905 1300 2973 Athe·

114 3023 260 3099 menses,
296 3023 411 3086 merito
445 3017 594 3100 tortasse,
609 3043 611 3048 ·
627 3023 755 3108 saepius
780 3032 949 3111 suspectos
980 3022 1156 3101 habebant;
1187 3026 1301 3113 pupilli

113 3152 226 3211 contra
252 3162 377 3230 semper
400 3143 525 3229 reipsa
548 3142 583 3208 in
606 3142 738 3212 meliore
760 3143 898 3230 quadam
922 3143 1108 3211 condicione
1131 3146 1302 3215 versaban-

113 3275 168 3331 tur
180 3265 225 3353 ⁵),
246 3283 319 3330 narn
341 3273 373 3330 et
393 3271 567 3351 perpetuae
589 3263 754 3332 archontis
773 3285 869 3332 curae
890 3266 1033 3333 mandati
1053 3275 1147 3359 eraut
1165 3276 1197 3336 ct
1214 3267 1300 3337 baud

113 3405 211 3475 parva
233 3385 436 3473 popularium
460 3384 678 3452 benevolentia
700 3404 754 3452 eos
777 3386 1040 3474 prosequebatur.

158 3506 252 3573 Cum
283 3506 429 3594 plures
455 3515 601 3574 esseut
626 3513 813 3584 tutores,
837 3508 907 3594 qui
931 3528 1010 3574 una
1029 3507 1189 3596 pupilli
1214 3529 1299 3576 rem

114 3627 545 3704 administraverant,
571 3629 609 3692 iu
634 3627 835 3714 singulos
857 3636 946 3696 erat
970 3631 1087 3695 actio
1109 3650 1182 3716 pro
1206 3639 1300 3697 rata

113 3781 326 3798 Μ

150 3885 180 3952 ι)
199 3900 223 3954 p.
234 3883 301 3944 ιιι,
320 3897 346 3933 n.
366 3883 391 3932 1.

149 3974 180 4041 2)
198 3970 230 4023 de
248 3967 393 4022 actionibus
411 3966 473 4041 ipsis
490 3964 534 4020 eff.
554 3966 630 4021 lleier
648 3967 676 4022 in
695 3968 770 4023 lleier
791 3969 844 4022 und
863 3969 995 4035 Seboem.,
1014 3970 1039 4026 d.
1059 3981 1108 4026 att.
1128 3989 1194 4045 proc.
1209 3990 1233 4045 p.
1244 3975 1298 4026 lbl

111 4080 165 4135 sqq.
185 4069 211 4114 et
230 4058 348 4123 Platori,
367 4057 412 4110 der
432 4075 498 4127 proc.
519 4059 555 4110 ΙΙ.
574 4075 598 4128 p.
608 4059 672 4110 288.

149 4150 179 4219 3)
199 4147 255 4202 adv.
275 4147 388 4200 llousirn.
410 4167 432 4220 p.
443 4149 512 4213 989,
533 4146 547 4214 b
567 4149 611 4199 1¹7.

149 4240 180 4308 l)
200 4256 244 4310 pro
264 4235 364 4291 Phorni.
385 4256 408 4310 p.
420 4239 490 4301 952,
510 4237 525 4305 §
545 4237 589 4289 26.

149 4332 179 4396 5)
198 4324 230 4379 cf.
247 4325 376 4381 Demostb.
392 4323 448 4380 adv.
469 4324 583 4378 Nausim.
603 4326 706 4397 p.990‚
727 4325 741 4393 b
761 4328 811 4378 20:
835 4326 870 4373 τὰ
887 4324 967 4384 φύσει
985 4326 1052 4378 τότε
1070 4327 1299 4387 conicerentur.

111 4416 252 4479 eecqu’
275 4413 450 4483 ὑπάρχοντα·
477 4412 524 4464 καὶ
551 4414 601 4482 γὰρ
630 4411 744 4482 ὀρφανοὶ
770 4415 817 4464 καὶ
843 4415 899 4466 νέοι
917 4417 964 4466 καὶ
983 4416 1073 4469 ὁποῖοί
1091 4418 1163 4476 τινές
1180 4419 1250 4471 εἰσιν
1267 4421 1298 4469 ά.

111 4516 213 4562 γνωιες
230 4499 307 4562 ἦσαν.
