2842 5018
643 310 684 370 75

60 488 232 576 peregrina
267 496 357 556 extra
387 491 585 558 connubium
610 493 678 558 nati
699 498 791 558 erant
815 499 979 577 praeterea
1003 486 1155 556 carebant
1177 486 1256 553 civi·

62 616 139 675 tate.
189 609 254 695 lpsi
286 618 393 677 tamen
424 609 540 677 Pericli
572 610 632 676 sub
660 609 756 676 finem
781 611 883 688 vitae,
906 628 981 676 cum
1005 607 1175 695 periissent
1198 604 1256 670 lilii

60 731 195 807 γνήσιοι,
230 728 327 796 huius
350 728 430 816 legis
452 731 546 796 venia
569 729 653 820 data
668 738 700 796 et
724 731 917 816 permissum
942 735 1051 794 estut
1075 725 1177 791 filium
1201 744 1255 822 ¹¹⁰.'

60 846 153 913 thum
186 847 247 913 sibi
277 869 317 916 ex
339 850 472 935 Aspasia
495 849 618 917 Milesia
642 857 754 916 natum
779 848 820 915 ad
844 847 983 915 curiales
1006 846 1138 913 duceret
1162 845 1256 931 eique

62 985 178 1033 nomen
211 967 344 1035 Periclis
380 968 485 1038 daret.
533 968 612 1036 Cum
633 977 742 1036 autem
768 977 839 1055 post
862 968 1013 1034 xxxviros
1036 985 1148 1031 omnes
1171 963 1257 1049 leges

63 1087 96 1150 in
116 1105 250 1153 examen
276 1095 468 1154 vocarentur
487 1096 520 1155 et
541 1096 598 1154 aut
617 1087 853 1174 abrogarentur
870 1095 926 1153 aut
939 1087 1201 1152 instaurarentur
1215 1083 1257 1171 ¹),

62 1206 141 1273 baec
162 1206 213 1272 lex
236 1206 371 1274 eandem
392 1208 527 1275 retinuit
545 1206 700 1285 formam,
724 1213 759 1272 ut
780 1213 868 1293 patet
887 1225 925 1272 ex
945 1202 1071 1271 duobus
1090 1209 1255 1270 oratorum

62 1325 141 1394 locis
175 1327 348 1414 diiigenter
378 1328 586 1413 comparatis.
635 1326 782 1415 Isaeus2)
807 1327 893 1392 eninr
919 1331 1030 1391 narrat
1053 1323 1094 1389 de
1118 1320 1256 1408 quadam

62 1447 187 1514 Cironis
209 1446 287 1524 filia,
307 1467 406 1533 quam
427 1446 604 1514 adversarii
624 1446 802 1533 legitimam
824 1465 895 1513 esse
914 1444 1089 1531 negabant,
1111 1442 1257 1510 utbuius

62 1567 165 1634 lilium
190 1569 241 1634 avi
263 1567 443 1635 hereditate
466 1569 641 1655 privarent.
690 1567 749 1634 Hie
773 1574 880 1633 autem
907 1563 987 1630 dicit
1011 1583 1045 1631 se
1068 1582 1131 1629 non
1152 1561 1256 1629 solum

59 1690 95 1753 -in
128 1688 318 1756 hereditatis
344 1689 521 1756 sedetiam
545 1689 586 1781 in
602 1687 744 1754 civitatis
766 1686 942 1753 discrimen
967 1693 1142 1752 venturum
1166 1701 1257 1758 esse,

62 1811 92 1874 si
115 1808 193 1873 talia
216 1808 377 1875 iudicibus
400 1806 597 1896 probentur,
622 1827 723 1872 »nam
747 1808 775 1872 si
800 1826 855 1872 vos
876 1804 1003 1891 decepti
1013 1807 1044 1881 ,'’
1064 1802 1171 1889 pergit
1190 1819 1258 1866 ora·

65 1935 135 2003 tor,
171 1925 329 1992 »creditis
361 1929 391 1992 ei
422 1929 553 2012 neganti
587 1916 725 1991 matr'em
760 1932 904 1990 nostram
935 1925 1037 1990 civem
1061 1921 1179 1998 luisse,
1203 1938 1261 1984 nos

65 2045 189 2132 pariter
209 2045 296 2110 cives
316 2063 380 2110 non
400 2044 537 2121 erimus,
557 2045 676 2130 quippe
693 2050 764 2129 post
776 2042 942 2110 Euclidem
957 2041 1144 2109 anebontem
1157 2039 1261 2106 nati.’'

67 2163 151 2246 Quid
187 2163 263 2230 bine
293 2164 381 2229 aliud
411 2163 493 2230 effici
530 2172 633 2250 potest
665 2183 761 2250 quarn
793 2163 927 2230 Euclide
950 2161 1103 2229 archonte
1127 2160 1261 2228 Periclis

66 2285 169 2370 legem
192 2287 405 2351 instauratam
427 2304 507 2350 esse.
556 2285 664 2350 hltero
684 2284 789 2371 loco³)
811 2283 989 2350 Euxitheus
1003 2283 1134 2369 quidam
1149 2281 1261 2369 probat

65 2414 190 2491 patrem
213 2425 307 2471 suum
331 2424 441 2471 revera
462 2406 565 2470 civem
586 2402 699 2478 luisse;
721 2402 836 2470 deinde
855 2403 1075 2490 persequitur:
1099 2402 1164 2467 »iis
1182 2409 1261 2469 tem·

65 2523 198 2610 poribus
229 2531 324 2590 natus
356 2534 419 2603 est,
447 2532 503 2604 ut,
528 2526 657 2591 etiamsi
681 2543 719 2590 ex
742 2522 842 2590 altera
865 2523 1024 2589 duntaxat
1048 2531 1139 2608 parte
1163 2520 1261 2587 luerit

66 2646 166 2720 civis,
190 2644 292 2709 civem
318 2662 391 2710 eum
417 2641 528 2710 haberi
552 2644 738 2721 conveniat,
770 2663 845 2710 curn
870 2649 966 2709 natus
990 2643 1033 2708 sit
1056 2649 1132 2707 ante
1154 2639 1261 2706 Eucli-

67 2763 177 2830 dem.”
223 2762 285 2844 Qui
306 2763 407 2848 igitur
429 2771 504 2829 ante
524 2762 692 2830 Euclidem
713 2763 899 2830 archontem
921 2763 988 2828 nati
1009 2770 1160 2828 oranter
1180 2760 1261 2826 civis

68 2903 143 2951 cum
178 2883 348 2970 peregrina
379 2891 435 2948 aut
465 2883 583 2950 atticae
606 2903 681 2949 cum
705 2884 876 2969 peregrino
900 2882 1022 2967 nuptiis
1045 2882 1175 2946 civitate
1199 2899 1261 2944 non

67 3004 221 3071 carebant
253 3022 356 3089 neque
387 3002 476 3070 nothi
501 3011 604 3070 erant.
653 3003 719 3068 Hoc
742 2999 901 3089 quomodo
924 2998 1046 3066 lactum
1071 2999 1112 3064 sit
1136 2998 1264 3083 egregie

68 3123 243 3190 illustravit
275 3120 481 3210 Schaeler⁴);
514 3122 648 3189 Athenis
680 3121 748 3188 scil.
780 3127 911 3206 propter
942 3116 1016 3184 belli
1047 3117 1263 3204 peloponnesii

67 3242 181 3310 turbas
214 3244 246 3307 in
275 3243 425 3309 maximis
448 3243 608 3328 angustiis
630 3240 834 3308 versantibus
858 3238 1012 3326 permulti
1034 3239 1263 3327 civespatriae

69 3371 215 3429 amantes
238 3383 277 3429 ex
299 3362 433 3429 coloniis
456 3382 494 3427 eo
517 3370 735 3436 reverterunt;
756 3363 841 3426 inter
860 3359 918 3425 bos
941 3359 1059 3426 multos
1077 3358 1177 3426 fuisse
1196 3379 1263 3425 cre·

68 3481 167 3549 dibile
200 3489 249 3549 est
279 3483 336 3567 qui
367 3491 423 3559 aut
451 3485 518 3547 nati
550 3491 656 3549 essent
691 3490 795 3548 matre
825 3482 996 3566 peregrina
1020 3487 1078 3546 aut
1101 3481 1164 3565 ipsi
1188 3496 1261 3565 per-

67 3603 214 3688 egrinam
246 3601 429 3676 duxissent;
453 3620 527 3667 cum
555 3609 664 3667 autem
689 3600 842 3667 archonte
868 3597 1001 3664 Euclide
1026 3595 1260 3684 hristopbon⁸)

108 3843 138 3910 1)
157 3839 252 3894 hudoc.
273 3838 305 3893 de
324 3843 399 3912 hlpst.
419 3858 444 3911 p.
455 3843 506 3904 11,
527 3841 541 3908 p
562 3842 613 3906 83,
632 3837 762 3892 Tisameni
780 3834 933 3910 psephisma.
971 3837 1067 3887 Revera
1086 3849 1137 3885 non
1153 3831 1224 3886 inter
1239 3850 1265 3886 ae

69 3947 188 4003 pugnare
214 3928 344 3982 Tisameni
372 3935 399 3980 et
416 3926 508 3980 Dioclis
529 3925 701 4000 psephismata
722 3925 865 3995 (Demosth.
886 3943 908 3977 c.
932 3922 1042 3976 Timocr.
1064 3941 1088 3994 p.
1099 3923 1166 3987 713,
1184 3922 1198 3990 p
1216 3923 1266 3992 42)

68 4019 122 4073 iarn
143 4016 330 4071 demonstravit
344 4019 371 4071 S.
392 4019 420 4068 A.
440 4014 522 4069 llnber
541 4015 568 4068 in
588 4018 660 4087 Spcc.
680 4014 711 4067 de
731 4013 784 4068 fide
805 4013 899 4068 Andoc.
922 4030 959 4066 or.
980 4010 1012 4065 de
1030 4013 1103 4085 lllpst.
1124 4030 1149 4083 p.
1161 4014 1195 4064 51
1213 4005 1265 4084 sq.';

68 4106 141 4160 idem
160 4114 247 4159 censet
266 4109 359 4170 Grote‚
380 4102 438 4157 hist.
459 4101 487 4157 of
503 4107 565 4168 Gr..
586 4106 660 4170 Vlll‚
681 4123 705 4176 p.
717 4107 781 4157 298.

108 4197 140 4265 2)
159 4193 191 4247 de
210 4193 294 4247 Cirou.
317 4191 370 4246 her.
391 4211 413 4264 p.
426 4193 475 4258 74,
494 4193 509 4261 §
530 4195 572 4245 43.

110 4287 142 4352 3)
161 4281 318 4351 [Demoslb.]
338 4280 393 4334 adr.
414 4278 512 4332 Eubul.
531 4299 555 4352 p.
566 4280 654 4343 1307,
675 4280 689 4346 p
710 4283 752 4331 30.

110 4375 140 4440 4)
162 4373 291 4425 Demosth.
314 4368 367 4422 und
386 4367 455 4421 scine
475 4366 525 4421 zeit
545 4370 570 4421 l.
592 4388 615 4440 p.
628 4370 680 4420 123
700 4386 755 4440 sqq.

111 4464 142 4530 5)
163 4459 256 4515 Athen.
276 4463 354 4526 xltt,
375 4461 429 4512 577
450 4461 484 4525 Β,
504 4477 525 4511 c.
547 4461 590 4512 38.
