2842 5018
679 285 716 345 11

94 481 188 528 onem
223 463 257 527 in
287 463 511 532 Demosthenis
543 466 688 534 oratione
720 466 875 534 adversus
904 465 1098 533 Leocharen]
1123 465 1286 532 ducimur.

94 581 210 648 Orator
241 583 392 674 narret1)
425 587 651 676 Euthymaoho
684 587 858 676 Otrynensi
889 594 956 653 tres
989 586 1070 652 iiiios
1102 594 1193 652 natos
1217 604 1287 651 essa

92 701 279 791 Midyiidem
311 705 511 792 Archippum
548 706 741 773 Archiadem
777 715 809 772 61
844 705 942 772 filiam
980 706 1110 772 nomine
1134 704 1286 771 Archidi·

92 841 163 889 can.
212 823 252 889 iti
287 834 413 893 mortuo
435 835 526 913 patre
550 826 744 893 Archidicen
768 826 933 892 Leostrato
957 826 1121 892 Eleusinia
1145 826 1284 898 elocant;

92 961 131 1008 ex
161 943 200 1008 iis
231 964 306 1011 vero
330 946 435 1012 trihus
464 947 646 1034 Archippus
668 947 869 1014 trierarchus
893 946 1097 1035 Methymnae
1120 946 1206 1012 diem
1230 965 1282 1013 su·

92 1081 239 1147 premunt
272 1066 363 1133 obiit.
410 1067 541 1135 Nullum
568 1066 628 1134 hoc
652 1067 720 1133 ioco
744 1074 793 1133 est
817 1066 973 1145 dubium,
997 1068 1075 1152 quin
1100 1066 1282 1153 Archippus

89 1181 220 1250 dentum
252 1193 324 1270 post
358 1186 476 1251 sororis
508 1186 752 1252 matrimonium
780 1185 951 1261 occiderit;
974 1195 1008 1250 at
1031 1195 1140 1272 postea
1154 1186 1180 1274 ²)
1204 1203 1281 1252 ean·

90 1302 163 1368 dem
183 1323 252 1370 rem
274 1305 393 1371 iterum
413 1325 569 1372 enarrans
589 1314 697 1371 orator
719 1305 798 1372 dicit
820 1305 1006 1394 diidylidem
1029 1314 1063 1371 et
1087 1305 1279 1372 Archiadcm

89 1443 232 1500 sororem
263 1424 428 1492 Leostrato
459 1425 610 1494 elocasse.
658 1427 868 1512 Perspicuum
901 1433 952 1491 est
982 1426 1117 1491 tertium
1144 1424 1280 1494 fratrem

88 1543 122 1611 h.
146 1543 167 1610 l.
196 1545 301 1612 omitti
324 1565 387 1611 non
411 1547 554 1632 potuisse
577 1546 712 1631 eiusque
736 1564 852 1612 nomen
876 1553 1007 1631 propter
1030 1545 1279 1614 similitudinem

87 1662 255 1730 literarum
281 1664 439 1732 ductuum
463 1667 497 1730 in
521 1666 677 1732 orationis
700 1664 938 1751 exemplaribus
959 1665 1104 1752 periisse.

131 1784 177 1850 De
208 1803 266 1849 avo
298 1793 426 1871 neptem
458 1784 674 1870 despondente
706 1784 814 1850 dicere
852 1783 1059 1869 supersedeo;
1094 1786 1277 1872 cantuplum

86 1912 198 1970 autem
232 1903 358 1968 nullum
389 1903 429 1968 ad
452 1923 585 1969 manum
606 1911 655 1968 est
679 1910 806 1988 praeter
825 1902 951 1968 liiodoti
972 1903 1069 1969 filiam
1083 1907 1133 1990 ³),
1157 1923 1278 1990 quana

86 2021 256 2107 Bingitone
288 2018 399 2087 tutore
425 2032 458 2087 at
489 2020 599 2087 eodem
631 2041 690 2087 avo
724 2020 845 2087 elocata
876 2041 945 2088 esse
969 2021 1062 2090 debet
1085 2023 1277 2111 Hegemoni;

84 2142 156 2208 eius
179 2142 266 2207 enim
289 2140 423 2220 iratres,
448 2161 522 2208 cum
548 2143 617 2227 ipsa
642 2141 795 2219 nuberet,
822 2142 964 2208 nondum
988 2144 1040 2209 sui
1064 2145 1145 2210 iuris
1168 2155 1272 2213 erant.

83 2262 187 2348 Magis
215 2262 317 2347 igitur
348 2269 385 2327 ut
415 2271 504 2329 tutor
535 2263 637 2348 patris
667 2263 737 2328 vice
768 2261 905 2348 iungens
936 2283 1034 2350 quam
1065 2273 1101 2331 ut
1133 2284 1213 2333 avus
1240 2266 1273 2333 id

83 2381 200 2450 iecisse
219 2382 348 2448 videtur
373 2383 535 2468 diogiton.

130 2501 328 2582 Quamvis
355 2522 374 2567 a
403 2504 498 2568 iure
520 2501 912 2569 naturalialienum
933 2504 1154 2585 rideatur,
1180 2526 1273 2572 con-

83 2622 1271 2710 stattamenciriatticolicuissedespondereuxorem

83 2763 198 2809 suam
218 2742 361 2808 alteri.
408 2741 639 2808 Demosthenes
671 2743 768 2809 huius
792 2745 935 2810 instituti
955 2746 1152 2811 mentionem
1178 2746 1271 2820 facit:

80 2863 217 2950 exempli
239 2863 343 2948 gratia
362 2863 448 2927 anim
470 2870 583 2927 narrat
595 2863 621 2948 ⁴)
645 2862 892 2951 Strymodorum
911 2865 1122 2948 Aeginensem
1138 2885 1269 2932 uxorem

80 3002 174 3051 suam
194 2983 350 3048 Hermaeo
369 2980 484 3046 liberto
506 2980 632 3046 dedisse
658 2984 691 3046 in
717 2983 984 3061 matrimonium
1007 2982 1067 3049 hac
1087 3002 1163 3049 vero
1182 3003 1270 3051 mor·

79 3113 138 3171 tua
157 3102 256 3169 filiam
278 3121 370 3167 suam
393 3100 497 3166 eidem
519 3100 645 3167 dedisse
668 3121 812 3169 uxorem.
860 3101 945 3167 Haec
966 3110 997 3167 et
1018 3102 1094 3168 talia
1114 3122 1270 3171 enarrans

79 3234 188 3291 orator
211 3221 320 3289 studet
334 3221 503 3286 Pasionem
526 3241 696 3297 excusare,
721 3221 777 3306 qui
796 3221 980 3287 Phormioni
1000 3221 1115 3290 liherto
1137 3244 1268 3294 cruorem

78 3363 172 3419 suam
196 3339 412 3427 desponderit.
460 3340 606 3406 conferri
629 3348 732 3425 potest
756 3341 840 3426 quod
861 3341 1001 3409 Pericles
1021 3342 1136 3412 iecisse
1155 3366 1268 3413 narra·

78 3472 150 3530 tur:
176 3463 230 3529 hic
251 3461 374 3527 scilicet
396 3480 527 3526 uxorem
552 3479 644 3525 suam
664 3459 759 3525 alteri
779 3459 913 3527 tradidit
933 3482 996 3527 non
1018 3464 1171 3542 invitam,
1192 3486 1266 3533 cum

78 3584 187 3652 neutri
210 3579 384 3647 admodum
407 3579 548 3665 placeret
571 3598 645 3644 cum
671 3578 770 3645 altero
793 3581 901 3646 vivere
912 3582 953 3670 ⁵).

123 3705 275 3770 Attamen
299 3721 361 3767 non
385 3719 496 3765 omnes
519 3699 629 3765 mariti
656 3698 712 3764 tati
736 3699 828 3764 niodo
852 3720 969 3767 uxores
992 3723 1068 3768 suas
1089 3704 1181 3771 alteri
1203 3715 1267 3773 tra·

77 3826 154 3895 dere
173 3829 334 3909 poterant.
371 3819 451 3886 Hoc
472 3819 578 3886 enim
600 3818 692 3884 iure
714 3838 790 3885 non
811 3819 1070 3905 gaudebant,
1086 3823 1267 3910 nisiipsi

75 3980 277 3998 w

112 4090 129 4140 1
182 4085 287 4148 .1083,
310 4081 324 4150 1
344 4085 369 4133 9.

104 4088 144 4245 ,21
163 4104 188 4246 [1.
199 4174 285 4238 1085,
305 4170 320 4238 §
340 4171 390 4234 17,
411 4165 457 4220 ubi
476 4167 558 4241 igitur
577 4178 634 4242 post
654 4167 667 4218 ὅ
685 4168 864 4233 Μειδυλίδης
883 4168 959 4223 addas
980 4169 1028 4220 καὶ
1047 4169 1243 4239 ὃ”Λρχιππος.

111 4265 144 4333 3)
164 4265 220 4334 hys.
240 4277 262 4312 c.
282 4257 377 4330 megia.
397 4256 411 4325 §
432 4259 449 4308 6
468 4273 522 4330 sqq.

113 4353 144 4420 1)
163 4366 209 4423 pro
228 4345 330 4401 Phorm.
351 4365 374 4417 p.
396 4347 465 4411 953,
487 4346 565 4412 129.

111 4436 232 4508 511111.
254 4434 385 4491 1111161.
406 4452 427 4490 c.
448 4437 494 4490 21.
