2842 5018
732 292 794 355 166

169 488 243 547 rent
266 477 480 545 excusationis
503 494 635 542 oausam
655 476 798 560 recipere
818 480 1023 559 cogerenton
1044 491 1147 560 neque
1166 475 1289 540 iniuria
1308 495 1358 542 es·

168 601 396 666 istimaverunt
427 595 640 663 Athenienses
670 613 790 662 munus
820 594 979 660 eiusmodi
1010 613 1073 660 non
1100 595 1170 661 sine
1194 596 1305 661 animo
1327 605 1358 663 et

167 719 268 786 animi
288 715 508 784 benevolentia
529 724 616 782 recte
636 733 727 802 posse
745 716 827 802 geri.
875 720 980 800 Atque
997 713 1075 780 haec
1088 716 1357 783 sententiaetiam

166 837 291 904 Platoni
321 837 481 924 placuisse
512 834 653 914 videtur,
686 855 760 902 cum
792 837 990 922 praeciperet
1004 835 1028 923 ¹)
1061 843 1186 922 patrem
1217 836 1359 904 scrihere

166 957 281 1025 dehere
302 964 428 1023 tutores
450 957 485 1021 in
508 961 699 1023 testamento
722 956 847 1029 ἑκόντος
870 981 905 1023 το
929 957 982 1023 aui
1005 958 1271 1036 imtoyoiowcss’

209 1076 296 1144 Nihil
321 1095 453 1162 prorsus
477 1077 626 1141 norimus
648 1075 687 1142 de
710 1077 751 1142 iis
770 1094 853 1162 quae
872 1075 1033 1163 pustulata
1052 1061 1163 1155 eraut,
1186 1085 1222 1143 ut
1241 1076 1357 1162 aliquis

165 1207 255 1266 tutor
276 1216 345 1264 esse
369 1204 487 1283 posset.
536 1196 641 1262 Unum
665 1197 809 1262 occurrit
831 1195 1012 1281 exemplum
1036 1195 1179 1269 libertini
1201 1197 1237 1262 in
1262 1205 1356 1264 testa·

96 1370 98 1372 .
164 1325 273 1384 mento
297 1317 414 1383 tutoris
437 1317 563 1398 scripti.
611 1316 703 1381 Pasic
727 1316 796 1382 scil.
822 1335 842 1382 a
863 1315 1056 1382 Phormione
1077 1315 1174 1383 datus
1196 1325 1248 1384 est
1269 1325 1356 1385 tutor

163 1435 281 1503 Pasicli
294 1435 333 1523 ²).
381 1433 467 1501 Nihil
498 1431 598 1500 refert
629 1431 767 1500 fueritne
798 1434 948 1502 Phormio
982 1436 1049 1522 ipse
1081 1436 1162 1502 civis
1195 1445 1294 1504 natus
1316 1457 1356 1504 aa

164 1556 381 1637 incurrissem
412 1553 549 1620 simulac
578 1555 665 1621 euim
698 1555 828 1622 civitate
859 1554 996 1622 donatas
1019 1564 1087 1632 est,
1110 1555 1354 1624 Atheniensium

163 1675 288 1760 legibus
311 1675 342 1742 ei
365 1673 651 1761 obtemperandum
674 1672 747 1740 luit.
793 1675 864 1761 lpse
888 1694 962 1741 vero
984 1676 1080 1742 Pasio
1101 1683 1172 1742 erat
1190 1695 1231 1742 ex
1248 1677 1351 1763 inqui·

162 1795 304 1861 linorum
327 1794 454 1869 ordinm
474 1795 625 1881 quamvis
643 1793 695 1860 hic
715 1794 816 1878 igilur
835 1802 924 1861 recte
942 1814 1057 1879 gerere
1075 1804 1183 1881 posset
1202 1795 1350 1875 tutelam,

162 1927 270 1981 tamen
301 1933 376 1980 cum
408 1916 441 1979 in
472 1914 543 1980 iure
574 1933 633 2000 pro
660 1912 780 2000 pupillo
803 1912 964 1999 agendam
989 1920 1075 1980 esset
1096 1915 1158 2000 ipsi
1180 1933 1262 2002 opus
1283 1925 1354 1982 erat

161 2040 307 2119 patrono.

204 2152 273 2219 Non
297 2170 376 2240 opus
396 2172 467 2219 esse
487 2151 566 2218 mihi
588 2151 715 2220 videtur
734 2151 773 2220 de
793 2152 954 2219 industria
974 2150 1195 2221 demonstrare
1217 2152 1355 2222 laminas

160 2275 232 2340 iure
255 2273 356 2338 attico
377 2272 481 2339 tutela
501 2271 600 2360 iungi,
616 2292 681 2338 non
703 2273 858 2360 potuisse.

203 2392 273 2459 Duo
303 2393 412 2477 itaque
443 2393 514 2459 iure
546 2393 645 2458 attico
675 2384 775 2458 luisse
808 2390 958 2484 videntur
980 2400 1125 2459 tutorum
1150 2413 1289 2479 genera,
1312 2395 1352 2461 al·

157 2521 265 2578 teram
283 2511 323 2576 in
346 2520 605 2579 testamento
628 2493 1078 2600 scriptoram³),alterum
1099 2512 1148 2578 ah
1163 2513 1351 2582 archonte

156 2630 352 2698 datorum
382 2631 450 2698 siae
472 2631 790 2717 legitimorum,
815 2633 843 2698 si
866 2632 981 2699 saltem
1003 2652 1041 2699 ca
1063 2652 1146 2719 qnae
1169 2633 1210 2700 tle
1231 2634 1349 2702 tutelae

157 2749 333 2834 ἐποδοκοοίᾳ
364 2748 601 2836 disputavimus
630 2769 708 2818 vera
736 2757 829 2826 sunt;
860 2753 889 2818 ei
921 2759 1049 2831 tamen,
1074 2753 1189 2838 quiin
1213 2753 1350 2821 Pollucis
1388 2795 1392 2804 -

155 2866 226 2934 loco
256 2867 424 2950 ἐπιτρόπων
450 2867 665 2944 normalosa
695 2877 859 2938 mutatum
886 2870 1017 2948 nolum,
1041 2870 1182 2939 alterum
1206 2881 1348 2941 tutmon

156 3006 258 3072 genus
288 3009 350 3054 non
374 3008 548 3075 agnoscere
572 3009 635 3056 non
657 2990 872 3079 poterunt⁴),
894 3010 969 3058 natu
993 2990 1056 3058 alic
1079 2991 1175 3059 modo
1195 2994 1348 3081 explicari

161 3126 198 3173 ca
221 3106 373 3174 vocabula
397 3117 572 3194 nequeunt.

193 3350 226 3418 1)
243 3347 275 3402 de
295 3347 363 3421 lqg.
381 3347 399 3402 l.
418 3348 438 3402 l.

191 3441 224 3508 2)
243 3437 373 3492 Demosth.
394 3456 418 3509 p.
439 3437 540 3493 Phorm.
559 3459 584 3512 p.
595 3443 649 3494 946
656 3478 665 3508 ,
682 3441 696 3509 β
716 3444 740 3495 8.

191 3526 222 3596 3)
241 3543 262 3579 e.
287 3545 312 3597 g.
337 3528 393 3598 hys.
420 3523 452 3580 fr.
478 3528 562 3582 XXVI
578 3537 605 3582 et
624 3530 705 3597 XLV,
722 3531 736 3600 §
758 3533 770 3584 l
793 3529 913 3604 (aeth),
933 3551 955 3586 c.
976 3530 1069 3606 hiogit.
1086 3553 1110 3608 p.
1122 3534 1189 3602 894,
1210 3534 1224 3605 §
1245 3536 1278 3604 5,
1301 3536 1344 3590 ue

140 3611 247 3668 *mosch
268 3632 289 3667 c.
308 3613 406 3685 uphob.
427 3620 455 3682 l,
476 3634 499 3687 p.
511 3619 577 3685 814,
598 3619 641 3685 §l
660 3635 728 3692 sqq.‚
748 3639 772 3693 p.
791 3619 895 3674 Phorm.
914 3641 939 3693 p.
949 3623 1016 3689 946,
1036 3623 1092 3692 §8‚
1114 3623 1346 3680 eliniestamento

153 3702 316 3771 Aristotelis,
335 3701 406 3776 Diog.
427 3705 511 3757 Laiirt.
531 3708 565 3772 V,
585 3708 629 3760 12.

190 3794 220 3863 l)
238 3788 270 3844 cl.
286 3789 411 3846 Schrader
430 3791 462 3846 ad
481 3793 546 3846 Inui.
566 3797 593 3859 l,
612 3797 662 3862 20,
681 3798 722 3849 Pr.
734 3797 771 3870 (p.
783 3800 865 3869 11⁷);
882 3795 1344 3872 alteraqucquesuhraderiodncta·

152 3879 190 3933 tio
218 3898 269 3933 non
289 3878 433 3952 spernenda
452 3879 586 3935 invenitur
605 3881 638 3935 ad
657 3886 721 3938 lust.
741 3889 767 3950 l,
788 3888 840 3953 14,
861 3890 878 3939 l
897 3887 935 3959 (p.
945 3888 1024 3958 102):
1045 3885 1124 3942 uitare
1143 3906 1249 3964 quoque
1267 3888 1348 3944 attico

152 3984 235 4041 usqne
253 3966 287 4020 ad
305 3976 409 4042 tempus
427 3977 545 4024 tutorem
564 3979 720 4026 testamento
738 3975 851 4046 potuisse
869 3973 940 4043 dari,
968 3985 1124 4050 argumento
1141 3987 1181 4033 est
1199 3979 1349 4036 Aristotelis

152 4063 342 4110 testamentum
370 4055 440 4131 apud
464 4058 534 4132 Diog.
562 4060 646 4115 haist.
666 4063 701 4129 V,
723 4064 783 4116 12.”
821 4064 908 4118 Nescio
935 4073 1024 4120 temen
1048 4082 1082 4119 an
1102 4067 1346 4134 Aristotelioiaeta·

151 4152 273 4226 mentum
293 4162 344 4201 nou
364 4147 509 4204 secundum
528 4147 569 4203 ius
589 4147 699 4205 atticum
717 4148 865 4208 confectum
887 4171 939 4210 esee
954 4152 1007 4208 dici
1025 4154 1111 4227 possit.

664 4412 838 4428 m
