2842 5018
671 269 734 333 luo

111 457 173 524 bus
192 455 278 522 orbis
301 461 392 540 patre
412 450 560 539 ephebis,
586 460 621 517 ut
642 459 676 518 et
699 451 942 537 Harpocrationi
967 459 999 518 et
1023 450 1134 519 multis
1157 449 1233 517 aliis
1255 453 1300 516 ri·

112 596 184 643 sum
206 582 269 652 est,
294 572 350 640 sed
375 580 501 638 tantum
526 569 565 637 de
589 571 630 637 iis
653 590 789 658 quorum
814 578 922 657 patres
945 590 1003 659 pro
1026 572 1133 658 patria
1152 589 1299 657 pugnan-

111 705 160 762 tes
180 693 416 769 occubuerant,
444 690 529 777 quod
552 698 684 777 apparet
707 710 746 756 ex
770 690 810 756 iis
833 709 915 776 quae
938 688 1028 756 addit
1051 689 1091 756 de
1113 688 1228 778 clypeo
1250 697 1299 756 at·

109 832 172 899 que
201 813 293 878 hasla
316 812 357 877 iis
381 830 400 876 a
425 809 542 896 populo
565 809 661 875 datia.
709 809 874 895 Nusquam
898 809 985 876 enim
1009 809 1166 876 discimus
1190 829 1299 876 omnes

108 933 251 998 iuniores
282 931 354 996 istis
382 931 482 996 armis
512 950 531 996 a
562 930 678 1016 populo
710 931 818 995 ornari
847 928 956 995 solitos
978 949 1067 1006 esse,
1090 928 1147 996 sed
1171 936 1297 997 tantum

108 1050 225 1118 llberos
257 1068 369 1116 eorum
398 1051 454 1135 qui
484 1051 518 1114 in
550 1049 631 1115 bello
660 1048 853 1115 cecidissent
866 1048 902 1137 ¹).
951 1047 985 1115 Si
1016 1056 1125 1114 autem
1150 1048 1299 1115 omnibus

108 1170 256 1258 panoplia
288 1169 360 1235 dari
392 1169 486 1235 solita
516 1178 602 1236 esset
625 1168 737 1256 procul
761 1166 858 1233 dubio
881 1167 935 1233 hic
958 1167 1024 1234 illic
1042 1169 1180 1254 vestigia
1205 1166 1299 1235 huius

109 1293 156 1357 rei
179 1296 370 1377 apparerent
392 1296 425 1356 et
447 1290 613 1374 impensae
633 1286 673 1354 ad
697 1286 780 1354 hanc
804 1287 1007 1353 donationem
1032 1286 1134 1353 factae
1157 1288 1298 1354 recensi·

110 1416 161 1474 lae
191 1406 343 1483 luissent,
374 1407 458 1493 quod
487 1415 595 1473 tamen
629 1426 806 1492 numquam
841 1406 888 1473 lit.
936 1407 1048 1492 Itaque
1078 1405 1296 1492 fragmentum

48 1552 51 1557 ·
108 1526 290 1593 Aristotelis
314 1528 424 1613 nequit
447 1524 636 1592 laudariad
659 1525 781 1611 aliquid
803 1524 1089 1593 demonstrandum
1113 1524 1154 1591 de
1177 1533 1299 1613 tempo·

109 1649 155 1711 ris
186 1647 305 1732 spatio,
337 1665 395 1732 per
427 1645 512 1732 quod
543 1643 755 1710 Athenienses
789 1644 874 1710 inler
906 1642 1087 1726 περιπόλους
1110 1644 1298 1720 militarint;

110 1764 194 1831 unde
225 1766 373 1852 sequitur
405 1766 687 1851 Harpocrationem
720 1763 810 1829 illum
835 1763 942 1830 locum
965 1773 1107 1830 autnon
1132 1772 1232 1831 totum
1255 1765 1295 1832 ob

110 1884 218 1951 oculos
249 1884 397 1951 habuisse
425 1892 482 1951 aut
513 1902 662 1970 perverse
695 1881 841 1948 attulisse
865 1881 905 1947 ad
929 1881 1217 1951 demonstrandum
1240 1886 1300 1951 Ae·

109 2003 252 2072 sobinem
277 2005 398 2071 iactare
420 2022 531 2090 seper
555 2002 721 2069 biennium
746 2003 832 2067 inter
855 2001 913 2067 bos
938 2001 1109 2081 militasse,
1133 2023 1210 2070 oum
1230 2002 1301 2070 reli·

110 2123 165 2208 qui
187 2121 399 2189 Athenienses
422 2141 523 2189 unum
547 2129 675 2188 tantum
701 2140 822 2187 annum
847 2123 1001 2202 asplenon
1025 2132 1144 2193 esseut.

153 2242 298 2309 Breviter
319 2262 390 2308 rem
413 2243 539 2327 peregi,
564 2260 646 2328 quae
668 2248 716 2306 tot
739 2249 771 2307 et
796 2247 902 2306 tantas
927 2241 991 2306 iras
1014 2243 1132 2317 movit;
1152 2243 1233 2309 satis
1252 2249 1301 2309 ta·

111 2381 203 2438 meu,
227 2361 353 2447 opinor,
379 2368 511 2446 apparet
535 2379 590 2426 eos
614 2379 723 2426 errare
747 2362 802 2446 qui
824 2367 969 2426 statuant
988 2360 1203 2428 Athenienses
1222 2381 1302 2429 anno

110 2479 240 2547 demum
262 2480 415 2546 uicesimo
438 2479 555 2545 aetatis
577 2478 711 2557 inscribi
736 2479 845 2546 solitos
866 2478 966 2579 fuisse
984 2478 1193 2549 lexiarchicis
1213 2480 1301 2548 tabu·

109 2599 161 2666 lis.
209 2600 258 2667 Ex
277 2600 375 2666 buius
394 2599 620 2686 disputationis
640 2599 773 2667 consilio
792 2602 1044 2667 controuersiam
1066 2621 1200 2687 prorsus
1212 2621 1301 2689 prae

110 2719 209 2785 terire
239 2719 367 2785 silentio
398 2738 461 2784 non
493 2720 598 2805 potui:
632 2718 716 2804 quod
748 2718 814 2786 lere
844 2719 925 2785 nihil
957 2722 1030 2786 novi
1061 2721 1243 2799 attulerim,
1267 2720 1303 2786 id

111 2858 204 2925 spero
226 2838 294 2905 fore
318 2845 355 2904 ut
378 2837 458 2904 mibi
480 2837 592 2925 culpae
616 2858 679 2903 non
704 2846 861 2905 vertatur.

155 2961 271 3026 Paucis
303 2957 445 3025 indicare
475 2964 635 3044 superest,
666 2961 721 3045 qui
745 2959 815 3026 lieri
838 2961 995 3046 potuerit,
1022 2967 1056 3027 ut
1079 2959 1245 3026 nonnullis
1265 2979 1304 3027 ex

111 3079 345 3166 grammaticis,
378 3097 457 3165 quos
487 3079 573 3145 inter
607 3079 803 3145 recentiores
833 3078 929 3146 multi
960 3080 1064 3146 secuti
1091 3087 1188 3159 sunt,
1211 3079 1304 3147 aliter

111 3201 218 3266 uisum
249 3199 301 3264 sit.
348 3198 417 3264 Non
448 3200 648 3284 perspexisse
678 3197 830 3265 videntur
857 3199 936 3265 nihil
962 3200 1116 3267 interesse
1141 3202 1228 3266 inter
1250 3220 1302 3268 eos

109 3318 167 3404 qui
198 3317 249 3382 ἐπὶ
281 3317 376 3390 dassia
399 3315 521 3395 ἥβησαιν
551 3325 583 3384 ei
613 3338 666 3385 eos
698 3320 754 3405 qui
778 3317 891 3402 ἔφηβοι
916 3318 1065 3398 ἐγένοντο.
1112 3319 1194 3386 Inde
1213 3340 1243 3388 e.
1267 3341 1300 3407 g.

111 3419 342 3524 Harpocration
378 3442 467 3502 recte
501 3437 650 3522 scripsit:
686 3435 837 3523 ephebi
872 3438 979 3524 apud
1015 3438 1304 3507 Athenienses

112 3555 1307 3642 suntquiaguntannumduodevicesimum,etmanent

113 3676 229 3742 inter
259 3673 444 3761 ephebos
475 3673 577 3740 duos
605 3695 751 3743 annos.
800 3676 881 3743 Male
912 3686 1020 3743 tamen
1044 3677 1185 3745 addidit:
1212 3687 1307 3766 post

108 3795 186 3861 hoc
216 3793 437 3861 biennium
465 3793 505 3857 in
529 3792 698 3859 tabulas
720 3793 1010 3861 lexiarchicas
1033 3796 1304 3875 referuntur,

112 3911 196 4002 quod
220 3912 353 3979 sortasse
374 3911 479 3979 effecit
503 3932 542 3978 ex
567 3910 649 3978 male
674 3913 835 3980 intellecta
857 3914 1016 3980 locutione
1036 3916 1087 3980 ἐπὶ
1108 3917 1204 3989 diaria
1225 3919 1306 3996 ἡβῆ-

40 4054 42 4057 ·
108 4057 183 4111 ραι,
214 4051 311 4118 quam
347 4033 458 4099 retulit
492 4030 533 4098 ad
566 4052 666 4098 annos
702 4043 772 4118 post
806 4033 1014 4119 ephebiae
1050 4034 1199 4112 initium,
1228 4056 1307 4102 cum

110 4150 281 4220 relerenda
320 4159 404 4219 esset
441 4150 482 4217 ad
517 4152 596 4232 ἥβης
628 4153 770 4239 primum
801 4172 938 4231 annum,
975 4172 1056 4239 quae
1088 4155 1121 4218 in
1153 4154 1307 4234 Graecia,

114 4310 317 4326 *ι-

153 4415 182 4485 1)
203 4410 289 4468 desch.
309 4429 331 4466 c.
350 4413 415 4464 coos.
435 4412 522 4481 ΜΒ,
541 4411 555 4478 §
577 4414 644 4482 154,
661 4411 743 4468 Thur.
763 4416 805 4481 11,
827 4415 875 4480 46,
896 4410 963 4467 rlat.
984 4413 1078 4466 idonea.
1098 4429 1123 4482 p.
1136 4412 1191 4465 ule
1211 4414 1243 4466 Α.
