2842 5018
683 291 744 354 155

117 484 169 550 ois
190 481 258 568 egit
280 477 431 568 Meier¹);
462 476 603 545 affirmat
625 477 675 541 vir
698 476 906 544 doctissimus
928 479 1013 566 patri
1038 479 1089 545 ius
1113 477 1210 546 inisse
1233 487 1311 550 aeti-

118 602 193 670 onis
215 597 431 667 instituendae
455 605 567 666 eontra
590 614 664 662 eum
687 598 742 682 qui
767 617 801 663 se
824 598 933 664 neseio
957 616 1032 664 eum
1052 597 1118 664 iiiio
1136 603 1311 668 contraxis-

117 730 189 796 seta
215 719 270 787 sed
302 738 415 786 vereor
448 725 483 785 ut
509 716 589 784 haee
611 714 741 803 probari
761 720 886 802 possint
908 717 1056 804 exempto
1077 718 1120 784 ab
1140 739 1178 786 eo
1201 720 1309 790 aiiato.

117 839 325 928 Xanthippus
354 838 440 904 eninr
469 835 604 903 Periclis
626 835 713 901 iilius
734 835 775 902 de
796 854 861 923 qno
878 855 993 904 sermo
1013 845 1062 904 est
1086 857 1219 905 uxorem
1243 842 1309 908 iaui

116 962 269 1039 duxerat,
294 957 379 1045 quod
403 965 542 1026 aetatem
566 974 637 1022 eam
662 955 794 1022 uidetur
815 955 959 1024 indicare
982 977 1046 1043 qna
1069 959 1133 1024 iam
1158 961 1209 1025 sui
1228 960 1311 1028 iuris·

115 1089 211 1150 esset.
259 1078 376 1147 Pericli
407 1077 511 1164 igitur
540 1095 579 1142 ex
610 1077 721 1162 patria
747 1084 905 1163 potestate
929 1076 1053 1143 nuiium
1077 1076 1140 1143 fuit
1164 1080 1215 1144 ius
1239 1081 1311 1147 eius

115 1199 289 1269 aeeusnndi
312 1217 331 1266 a
350 1215 414 1286 quo
436 1174 526 1263 iilius
540 1204 689 1264 mutuam
711 1203 874 1263 sumserat
891 1197 1079 1283 poemiam,
1100 1197 1156 1264 sed
1170 1217 1208 1264 ex
1222 1199 1310 1267 utus

114 1321 207 1389 atain
226 1320 333 1388 verbis
345 1319 391 1407 ²):
409 1317 522 1384 ἐκείνου
540 1317 565 1382 δ’
589 1315 713 1398 ὕστερον
731 1318 955 1395 mansisses,
975 1319 991 1382 i
1009 1319 1066 1396 pto
1084 1328 1237 1400 Περικλῆς
1255 1321 1309 1388 sei

113 1442 200 1518 itane
226 1442 311 1522 αὐτῷ
334 1439 513 1521 προσέλαχε
535 1437 614 1503 nihil
645 1436 786 1524 amplius
807 1435 1009 1505 efficiendum
1033 1445 1113 1525 puto
1134 1440 1198 1504 nisi
1221 1440 1310 1507 Peri·

112 1561 195 1629 emm
216 1560 271 1627 iiiii
294 1562 436 1630 amioum
456 1566 625 1646 propterea
644 1574 812 1624 aeensasse
832 1556 917 1645 quod
940 1559 1109 1646 peenninm
1124 1551 1310 1647 reposceret
1360 1548 1364 1556 ’

112 1681 155 1748 ab
178 1700 216 1749 eo
238 1682 293 1769 qui
318 1687 496 1767 numquam
520 1686 667 1745 mutuam
688 1679 869 1745 sumsisset.
916 1679 1085 1749 Praeterea
1105 1679 1185 1748 bene
1204 1683 1309 1747 anim·

112 1800 344 1868 advertentium
373 1807 424 1865 est
452 1797 673 1884 Xanthippum
700 1798 871 1882 peouniam
895 1789 983 1864 iliam
1007 1808 1137 1885 rogasse
1160 1807 1192 1866 et
1216 1817 1308 1866 aeae·

113 1911 200 2005 pisse
219 1923 257 1989 ὡς
279 1923 333 1983 τοῦ
356 1916 536 1998 Περικλέους
559 1914 772 1988 κελεύσαντος.

144 2169 146 2175 ’
237 2155 270 2221 u.
303 2146 541 2234 Quaeritur
562 2147 662 2239 quis
686 2152 978 2221 sitterrniuus
1000 2155 1172 2241 patriae
1237 2127 1244 2131 ’

584 2273 830 2359 potestatis.
930 2287 931 2290 ’

156 2515 223 2585 iam
256 2513 422 2581 videamus
451 2505 705 2599 quibusmodis
734 2511 870 2580 Athenis
896 2505 1001 2600 patris
1027 2520 1171 2601 potestas
1193 2519 1302 2584 termi-

109 2644 185 2702 nata
216 2634 333 2710 fuerin
362 2633 395 2698 in
426 2632 560 2719 primiS,
593 2638 629 2699 ut
652 2649 725 2698 mox
749 2633 783 2698 in
805 2631 1165 2718 singulisridobimus,
1190 2634 1300 2703 obser·

106 2755 248 2822 vandum
279 2762 329 2821 est
358 2769 601 2838 nonnumquam
626 2753 738 2839 patria
769 2759 928 2839 potestate
957 2753 1047 2820 iinita
1078 2755 1161 2843 patri
1190 2763 1311 2824 tamen·

111 2869 233 2961 atiquid
257 2872 339 2939 iuris
362 2872 396 2937 in
418 2868 536 2937 liberos
558 2871 762 2938 remansisse.

154 2987 290 3061 Causam
310 2991 500 3079 primariam
519 3008 558 3056 en
578 3007 688 3056 rerum
710 2999 828 3058 natura
848 3000 1006 3071 secutam,
1028 2984 1194 3060 mortem
1216 2995 1312 3063 soii.

111 3122 183 3180 aut
207 3113 352 3200 patris
376 3118 450 3178 aut
472 3109 726 3190 liberorum,
759 3111 838 3177 loeis
858 3111 1095 3180 testimoniisre
1118 3112 1223 3180 allatis
1245 3106 1310 3182 ‹ie-¹

109 3243 292 3300 monstrare
322 3250 385 3298 non
416 3229 529 3318 planet.
578 3229 658 3298 (ium
689 3249 766 3297 vero
796 3238 888 3318 pater
918 3230 985 3299 obit
1011 3242 1184 3320 antequam
1208 3233 1302 3303 iiberi

110 3363 187 3420 stant
218 3353 270 3419 sui
303 3352 399 3432 iuris,
425 3352 454 3417 ei
479 3352 530 3418 ius
553 3359 604 3418 ast
628 3358 768 3420 tutorem
793 3344 936 3442 unum'³)
960 3353 1027 3420 sive
1051 3353 1160 3440 piures
1171 3353 1198 3442 ⁴)
1224 3357 1312 3424 seri·
1328 3399 1337 3412 »-

109 3472 224 3549 henou
240 3480 284 3540 et
312 3479 495 3558 praeterea,
518 3470 619 3538 donee
641 3471 736 3538 iiheri
758 3473 792 3537 in
816 3491 908 3538 suam
932 3472 1067 3538 tutelam
1091 3477 1301 3559 perueniunt,

109 3595 142 3660 iu
175 3609 250 3658 suas
282 3591 452 3659 iacuitates
474 3591 526 3656 ius
549 3591 659 3667 habet,
687 3610 776 3669 uam,
801 3599 837 3656 ut
862 3590 1176 3678 supraponimus,
1201 3594 1310 3679 patris·

109 3709 255 3781 deiuneti
289 3716 519 3778 testamentum
554 3726 618 3795 quo
651 3711 684 3776 in
716 3709 890 3776 liberorum
924 3726 1058 3776 suornm
1087 3709 1193 3778 ioounr
1223 3712 1303 3778 aiios
1414 3733 1418 3741 ·

116 3896 317 3912 *-

146 4015 177 4082 1)
197 4008 272 4064 iloiar
290 4016 317 4062 et
337 4005 511 4063 Sehoemanu.
531 4002 576 4057 der
594 4012 643 4058 att.
663 4023 728 4078 pror.
747 4025 770 4078 p.
781 4010 844 4061 434.

146 4104 178 4172 2)
198 4095 290 4153 Porioi.
320 4115 342 4149 o.
369 4097 420 4164 363
445 4091 478 4148 ai.
507 4093 524 4147 i.
544 4113 568 4167 p.
584 4097 610 4148 S.
628 4094 672 4148 W.
691 4097 787 4168 'i'rornp
806 4096 832 4149 in
851 4093 1030 4152 dissertatione
1050 4096 1082 4152 de
1091 4095 1187 4154 Pericle
1198 4097 1303 4176 eiusque

109 4188 148 4242 rei
170 4185 292 4260 publicae
311 4182 510 4238 Atheniensium
526 4181 686 4251 administr.‚
707 4185 733 4237 i..
755 4188 781 4239 B.
797 4188 885 4255 18³⁷,
905 4206 929 4260 p.
942 4188 985 4242 8i.

148 4280 180 4347 a)
201 4280 257 4349 up.
277 4292 298 4328 c.
320 4271 413 4346 ningit.
434 4293 457 4345 p.
470 4274 542 4339 aas,
562 4273 577 4343 s
597 4277 622 4325 a.

149 4370 180 4435 t)
200 4361 331 4418 iiomostir.
351 4381 373 4416 a.
394 4359 493 4436 tpnob.
514 4365 541 4429 1,
560 4381 584 4434 p.
596 4364 665 4429 814,
686 4363 700 4430 i
720 4365 737 4416 i
756 4379 794 4436 sq.

151 4458 182 4526 5)
201 4473 226 4528 p.
238 4457 287 4523 86,
307 4473 333 4508 rt.
354 4455 368 4506 1
390 4469 427 4525 sq.
449 4458 476 4504 et
495 4469 519 4523 p.
532 4453 601 4518 13t,
621 4469 647 4506 n.
668 4454 692 4504 3.
