2842 5018
687 289 728 350 85

110 473 219 539 omitti
243 472 401 559 potuisse,
435 469 518 536 unde
540 478 709 556 appareret
729 471 808 556 quid
828 471 952 539 relictis
975 472 1100 541 filiabus
1119 476 1302 545 laciendum

108 602 206 660 esset.
255 592 373 657 locum
405 591 493 656 enim
515 610 555 656 ex
580 592 725 656 oratione
748 591 820 657 adr.
844 590 1039 659 Leochar'em
1054 594 1078 683 ι)
1102 596 1302 664 eonlerentes

109 711 400 780 animadvertimus
431 710 534 797 legem
571 710 673 777 multo
706 711 795 797 plura
821 715 1021 800 praecepisse
1043 735 1142 802 quam
1168 715 1227 783 hac
1250 736 1304 782 no·

111 842 179 900 stra
203 830 341 899 lcrmula
364 831 531 897 discimus.
631 920 633 925 Ι

156 955 192 1019 ln
228 952 350 1037 reliqua
391 960 482 1038 parte
521 951 601 1016 nihil
633 952 814 1018 notandum
846 951 946 1020 habeo
977 963 1104 1040 praeter
1134 955 1302 1023 lectionem

111 1076 169 1140 ὑπὸ
199 1078 258 1138 τῶν
287 1096 341 1138 νον
373 1069 576 1152 crepandum,
608 1090 706 1156 quam
740 1073 863 1139 Bekker
893 1092 931 1139 ex
965 1075 1086 1140 Reiskii
1109 1076 1304 1142 auctoritate

109 1202 223 1260 contra
244 1191 453 1276 Wesselingil
477 1192 536 1258 ὑπὸ
557 1190 671 1258 τούτων
692 1216 746 1259 τον
770 1200 926 1274 πνρννννῶν
947 1200 1067 1263 luetur.
1115 1195 1239 1261 Bekker
1258 1197 1304 1262 ita

108 1312 233 1380 edendo
263 1331 391 1378 ornnem
421 1311 482 1376 loci
515 1309 660 1376 ordinem
693 1310 949 1398 qualemcunque
981 1313 1110 1389 turbat,
1143 1334 1219 1380 eum
1250 1317 1303 1381 rix

110 1433 252 1500 dubitari
275 1440 390 1518 queat,
420 1432 498 1518 quin
522 1441 683 1509 oratores,
707 1451 781 1497 cum
805 1431 866 1498 hac
890 1432 929 1498 de
953 1432 1022 1518 lege
1045 1433 1211 1513 dicerent,
1235 1437 1303 1520 ipsa

109 1555 190 1640 legis
223 1551 376 1619 vocabula
407 1552 441 1616 in
465 1570 557 1617 snam
582 1551 809 1617 transtulerint
833 1554 1029 1631 orationem,
1053 1562 1085 1619 et
1108 1555 1303 1621 recentiores

111 1682 221 1762 postea
243 1691 333 1740 more
354 1692 414 1738 suo
433 1671 541 1757 legum
560 1669 717 1737 formulas
738 1671 915 1738 conflantes
935 1682 1079 1742 oratores
1099 1676 1203 1740 secuti
1223 1676 1302 1750 sint3

111 1795 147 1860 lai
171 1801 280 1860 antem
304 1799 490 1858 constanter
514 1799 653 1857 utuntur
673 1790 771 1857 verbo
790 1799 951 1871 παρανοεῖν
971 1801 1028 1857 aut
1048 1795 1101 1857 οὐκ
1119 1791 1153 1859 εὖ
1174 1800 1303 1876 decreto.

159 1911 447 1995 Antiquissimum,
465 1917 503 1975 ut
521 1909 665 1974 amultis
683 1908 834 1986 habetur,
855 1910 936 1974 iuris
956 1910 1047 1976 attici
1060 1919 1303 1978 monumentum

114 2018 386 2117 pertractavimus
415 2035 448 2093 et
478 2027 519 2092 ad
542 2028 650 2092 vivum
676 2027 896 2106 resumimus,
920 2046 984 2114 quo
1006 2027 1092 2095 laeto
1113 2050 1306 2116 cognoscere

112 2150 205 2226 licet,
231 2148 344 2236 quanti
368 2146 552 2213 huiusmodi
576 2147 781 2234 antiquitatis
805 2146 960 2234 reliquiae
982 2146 1148 2216 faciendae
1171 2152 1252 2227 sint;
1271 2152 1304 2216 in

112 2269 234 2338 talibus
264 2277 372 2335 antem
405 2286 610 2354 summopere
641 2267 819 2334 carendum
849 2276 900 2334 est
932 2289 971 2335 ne
1000 2271 1192 2357 impostores
1216 2269 1306 2336 nobis

110 2410 225 2459 revera
257 2390 439 2476 imponant;
472 2407 512 2453 ne
543 2388 653 2473 itaque
684 2386 805 2455 eahae
831 2389 909 2474 legis
932 2388 1070 2457 formula
1092 2399 1215 2457 temere
1237 2410 1305 2458 cre·

112 2512 229 2578 damus
259 2509 394 2575 Athenis
416 2506 542 2574 civibus
566 2507 738 2575 adscititiis
762 2529 826 2575 non
849 2509 979 2576 licuisse
1005 2519 1233 2578 testamentum
1257 2511 1273 2577 l
1292 2548 1306 2564 -

111 2651 204 2705 cere;
229 2630 288 2695 hae
308 2641 384 2693 vero
406 2627 448 2693 de
471 2647 507 2694 re
530 2628 610 2694 alias
632 2628 793 2714 agendum
817 2632 892 2708 erit,
919 2650 1005 2696 nune
1027 2632 1108 2697 satis
1131 2630 1307 2698 habeamus

113 2751 264 2818 didicisse
287 2747 369 2813 nihil
393 2747 493 2814 bonae
517 2747 621 2833 frugis
643 2768 683 2815 ex
705 2748 758 2814 his
779 2751 845 2815 iuri
868 2751 968 2816 attico
991 2750 1182 2820 redundare.

159 2867 389 2938 Demosthenes
397 2868 424 2955 ²)
445 2876 557 2934 narrat
578 2867 786 2956 Polyeuctum
799 2869 880 2934 duas
893 2869 975 2937 lilias
988 2870 1157 2938 habentem
1171 2872 1307 2938 alteram

114 3012 190 3060 cunr
231 2991 307 3055 dote
343 2987 481 3054 elocasse
513 2986 646 3054 alteram
681 2987 831 3074 adoptato
865 2988 930 3053 filiu
963 2989 1188 3075 despondisse,
1221 2990 1308 3058 unde

116 3107 355 3196 &poemenen
390 3115 499 3173 censet
532 3117 674 3193 patrem,
707 3109 763 3194 qui
797 3106 904 3193 plures
935 3106 1068 3175 haberet
1100 3108 1200 3190 filias,
1231 3111 1307 3178 reli·

113 3252 195 3321 quas
226 3249 299 3297 cum
328 3227 458 3294 dotibus
482 3227 606 3294 elocare
630 3227 759 3294 solitum
783 3248 873 3305 esse,
895 3247 971 3295 eum
996 3247 1094 3295 unam
1120 3230 1152 3295 in
1177 3231 1306 3298 unirer·

112 3373 167 3420 sas
198 3369 273 3437 opes
302 3347 515 3436 desponderet
546 3347 610 3413 lilio
635 3346 795 3434 adoptato.
844 3346 953 3437 Quod,
977 3351 1125 3434 quamvis
1148 3350 1228 3436 legis
1252 3373 1307 3418 vo·

114 3471 239 3540 calulis
266 3469 341 3536 doro
371 3475 430 3534 eda
456 3467 630 3550 deportent
654 3486 716 3532 non
741 3469 820 3534 satis
843 3467 981 3533 indicari
1004 3468 1174 3547 videatur,
1199 3479 1306 3536 tamen

115 3613 151 3660 re
173 3610 249 3659 vera
273 3610 334 3656 non
359 3588 510 3654 abhorret
533 3587 573 3652 ab
597 3586 702 3653 indole
726 3588 808 3653 iuris
832 3587 941 3661 attici;
966 3605 1040 3652 nam
1066 3588 1111 3653 ita
1136 3608 1234 3672 agens
1255 3609 1306 3675 pa·

116 3723 167 3780 ter
199 3710 280 3777 nihil
312 3708 400 3775 aliud
431 3707 526 3784 lacit,
549 3725 646 3791 quam
672 3705 757 3792 quod
778 3705 926 3772 facturus
948 3704 1081 3782 luisset,
1102 3726 1180 3772 eum
1204 3727 1306 3775 unum

115 3841 243 3900 tantum
270 3830 372 3896 lilium
396 3836 428 3895 et
452 3826 559 3912 plures
584 3825 665 3891 filias
689 3825 863 3892 relicturus
886 3824 1019 3900 luisset;
1040 3833 1121 3914 tunc
1144 3827 1232 3893 enim
1256 3825 1307 3896 lria

115 3952 198 4020 nihil
222 3953 284 4017 nisi
308 3949 415 4024 dotes,
438 3945 485 4011 illi
509 3964 584 4011 vero
607 3946 776 4012 universae
799 3965 875 4032 opes
898 3943 1113 4011 obvenissent.

161 4073 277 4139 Varias
306 4090 345 4136 ex
378 4065 558 4133 oratoribus
589 4064 675 4149 leges
707 4084 787 4150 quas
812 4065 925 4132 ordine
949 4065 1218 4152 perlustravimus
1244 4087 1307 4136 uno

117 4195 328 4210 m

153 4265 184 4333 1)
203 4260 363 4332 [Domuum]
384 4279 406 4333 p.
417 4259 505 4323 1095,
526 4258 541 4325 ᾗ
562 4258 605 4308 aa.

155 4355 185 4421 2)
206 4349 334 4404 Demosth.
355 4347 411 4402 adv.
431 4344 511 4418 Spud.
531 4364 555 4416 p.
568 4348 655 4411 1028,
675 4345 689 4414 §
710 4350 735 4397 3.

155 4445 186 4512 3)
206 4459 243 4514 gr.
263 4437 369 4494 alterth.
390 4441 415 4503 1,
436 4439 472 4488 2ιο
491 4432 555 4490 aull.
575 4438 602 4502 1,
625 4436 692 4501 3693
712 4430 743 4491 cl.
765 4432 797 4490 ad
815 4438 932 4501 Isaeum,
952 4454 976 4508 p.
988 4438 1049 4491 250.
