2842 5018
700 262 741 322 40

123 451 251 511 tantum
284 444 369 511 dotis
399 444 530 510 daretur
559 446 626 531 ipso
651 445 848 510 matrimonii
872 453 1015 532 tempore
1039 447 1139 514 altera
1165 451 1314 535 partein
1361 437 1365 442 ⁸

122 573 286 650 posterum
312 565 470 651 promissa
485 566 523 649 ¹).
1081 633 1083 637 ,
1280 576 1283 585 “

167 684 356 765 Quaesitum
392 693 440 750 est
472 693 592 770 quanta
620 685 677 749 dos
710 685 803 769 uulgo
835 685 944 751 luerit.
1000 687 1065 752 Hae
1099 707 1176 754 vern
1208 689 1248 755 de
1280 711 1314 758 re

120 807 201 872 certi
225 805 402 893 quidquam
426 805 540 871 confici
565 806 686 892 nequit.
733 805 957 872 Demosthenis
975 816 1066 893 pater
1086 808 1189 874 lilium
1212 830 1312 877 unum

119 936 151 993 et
182 926 281 992 liliam
315 946 413 1014 unam
442 926 574 1011 reliquit
596 945 670 993 cum
695 926 827 992 circiter
844 927 1088 1012 quatuordecim
1114 929 1312 996 talentorum

119 1044 328 1112 facultatibus
346 1046 389 1134 ²):
422 1046 537 1111 horum
570 1045 634 1111 dno
664 1028 784 1111 talenta
815 1045 922 1112 dotem
956 1047 1038 1113 filiae
1071 1051 1215 1135 scripsit.
1265 1051 1312 1117 Ex

117 1165 274 1232 tredecim
311 1165 440 1231 talentis
474 1185 556 1252 quae
592 1165 744 1231 Diodotus
779 1165 892 1230 habuit
930 1186 1029 1232 unum
1064 1167 1148 1234 dotis
1181 1171 1313 1236 nomine

118 1285 202 1351 filiae
225 1286 296 1351 dari
321 1284 504 1359 mandavit.
530 1306 604 1351 cum
630 1284 760 1351 haberet
779 1284 859 1351 duos
882 1284 963 1351 filios
985 1297 1017 1352 et
1037 1286 1136 1352 liliam
1159 1308 1260 1355 unam
1276 1292 1312 1379 3).

118 1405 250 1472 Onetori
273 1405 427 1471 dicuntur
450 1404 521 1491 plus
544 1406 680 1489 triginta
704 1404 823 1471 talenta
848 1404 965 1481 luisse;
989 1409 1108 1472 sororis
1133 1407 1190 1473 dos
1215 1410 1313 1476 unius

116 1534 245 1591 tantum
277 1524 340 1590 fuit
372 1524 484 1590 talenti
496 1525 534 1611 4).
582 1524 674 1589 Nulla
707 1533 794 1590 certa
827 1524 938 1609 regula
970 1524 1070 1591 fuisse
1098 1526 1230 1593 videtur
1254 1550 1314 1602 neo

116 1645 294 1731 quidquam
314 1643 507 1710 eliciendum
527 1654 575 1710 est
595 1665 634 1710 ex
655 1644 714 1710 hoc
734 1645 815 1710 lsaei
836 1644 930 1710 elfato
942 1645 983 1734 5);
1010 1646 1205 1715 »videturne
1222 1651 1313 1717 vobis

115 1764 201 1829 ullus
224 1764 310 1830 filius
333 1763 504 1850 adoptatus
530 1773 595 1831 tam
619 1762 685 1829 lore
710 1762 898 1850 impudens,
927 1775 971 1830 ut
993 1765 1133 1833 liliam
1159 1771 1225 1834 sui
1245 1791 1313 1856 pa·

114 1887 203 1951 tris
227 1885 453 1969 genuinam
479 1884 554 1950 alii
579 1884 773 1950 elocaret
796 1904 887 1950 eum
910 1884 1009 1951 dote
1030 1906 1077 1952 ne
1101 1887 1309 1955 decimam

114 2004 1311 2095 quidempartempaternaehereditatisassequente.”

113 2125 197 2190 Beue
222 2126 307 2189 enim
333 2123 653 2190 animadvertendum
676 2133 725 2190 est
749 2146 786 2191 ea
810 2146 891 2211 quae
912 2134 1020 2192 orator
1042 2127 1134 2194 nubis
1153 2138 1313 2214 proponat

114 2245 214 2311 attico
242 2246 313 2309 iure
345 2243 415 2309 fieri
447 2264 509 2308 non
536 2244 690 2329 potuisse.
740 2243 774 2309 Si
799 2246 872 2330 quis
895 2248 980 2310 enim
1006 2247 1105 2313 filiam
1129 2249 1310 2332 genuinam

113 2364 268 2450 relinquit
291 2373 323 2428 et
348 2362 449 2429 lilium
476 2363 605 2450 adoptat
625 2384 720 2450 quem
741 2364 889 2430 heredem
912 2365 1040 2444 scribit,
1064 2367 1151 2433 hunc
1165 2389 1238 2435 eam
1253 2368 1312 2435 du·

111 2505 185 2551 cere
217 2484 337 2549 diserte
368 2482 418 2548 lex
443 2483 551 2548 iubet:
585 2485 709 2549 »sine
733 2485 936 2567 genuinis
960 2485 1145 2552 filiabus
1170 2509 1312 2575 neque

113 2604 318 2690 adoptare
349 2603 458 2668 licet
490 2622 621 2687 neque
646 2603 844 2688 cuiquam
872 2603 1104 2690 quidquam
1129 2627 1308 2674 suornm

112 2724 234 2790 dare’'
248 2723 297 2811 ὅ),
333 2724 450 2788 lllirum
477 2731 584 2788 tamen
608 2730 656 2787 est
680 2722 779 2787 altero
800 2722 868 2788 loco
881 2723 906 2809 ⁷)
928 2723 990 2808 legi
1011 2724 1152 2791 Endium
1173 2730 1308 2811 spuriae

112 2843 195 2910 tiliae
218 2844 335 2932 Pyrrhi
360 2842 485 2908 dedisse
511 2843 638 2907 trium
665 2843 826 2907 milium
852 2842 1155 2910 drachmarum
1177 2845 1307 2925 dotem,

110 2984 184 3030 eum
205 2964 374 3030 facultates
396 2966 494 3029 trium
517 2962 709 3028 talentorum
729 2972 846 3028 essent.
894 2963 961 3028 Iam
975 2963 1031 3031 diu
1044 2964 1306 3051 obtemperatum

109 3085 252 3170 oportuit
275 3085 378 3149 Petito
390 3082 417 3169 Β)
443 3081 627 3147 emendanti
650 3084 760 3162 χιλίιις
784 3103 842 3168 pro
864 3085 1060 3164 τρισχιλίοις,
1085 3103 1161 3149 nam
1188 3086 1218 3150 si
1239 3088 1306 3153 En-

109 3204 183 3271 dius
215 3203 354 3269 dedisset
385 3201 418 3266 id
449 3201 534 3288 quod
568 3221 653 3266 nunc
684 3202 821 3287 legitur,
853 3211 961 3268 orator
988 3202 1180 3270 brevissimo
1206 3208 1305 3272 inter-

108 3323 191 3391 vallo
222 3331 294 3410 post
325 3322 435 3387 dicens
466 3341 541 3387 eum
570 3341 616 3385 ue
641 3322 844 3387 decimam
869 3322 1035 3407 quidem
1060 3331 1226 3409 partem
1254 3325 1307 3393 he·

109 3443 256 3510 reditatis
297 3444 492 3508 concessisse
534 3442 726 3526 gravissimo
770 3461 847 3508 usus
885 3440 1001 3508 luisset
1037 3443 1207 3511 mendacio
1246 3466 1304 3513 nec

109 3595 320 3608 ...fi-...-

145 3709 175 3776 1)
196 3703 326 3758 Demosth.
346 3703 404 3758 adv.
423 3704 503 3777 Spud.
523 3724 547 3778 p.
561 3707 648 3771 1029,
669 3707 683 3773 §
702 3711 736 3772 5,
758 3703 852 3756 duduc.
872 3722 893 3757 e.
914 3703 998 3761 nteit.
1018 3727 1043 3780 p.
1055 3711 1104 3775 30,
1125 3711 1139 3777 §
1158 3715 1210 3779 13,
1234 3710 1303 3766 Plut.

107 3793 190 3849 aleth.
211 3812 233 3848 c.
255 3798 279 3847 8.

144 3889 174 3954 2)
195 3882 324 3937 Demostb.
345 3901 366 3936 c.
388 3881 486 3956 tplob.
509 3888 534 3949 1,
558 3903 581 3955 p.
592 3885 662 3948 814,
683 3883 697 3948 b
718 3885 743 3933 d.

144 3978 174 4043 3)
194 3977 250 4047 [γε.
269 3991 291 4027 c.
312 3973 404 4045 Dioglt.
426 3992 450 4044 p.
463 3974 531 4039 896,
553 3973 567 4040 §
589 3973 614 4024 6.
750 3961 752 3964 ⁵

145 4065 174 4132 4)
195 4061 322 4116 Demostb.
343 4061 400 4115 adr.
421 4063 497 4114 Onet.
517 4063 543 4125 l,
564 4078 587 4131 p.
599 4061 667 4124 867,
689 4059 703 4126 ᾗ
723 4060 772 4123 10,
793 4076 816 4129 p.
829 4058 896 4124 869,
916 4058 930 4125 ᾗ
951 4062 995 4113 20.

144 4154 174 4222 5)
193 4150 225 4204 de
244 4151 339 4225 Pyrrhi
356 4150 410 4204 her.
430 4169 453 4221 p.
467 4152 515 4216 43,
536 4149 550 4215 b
573 4151 623 4213 513
643 4144 675 4200 ef.
696 4163 773 4219 supra
793 4148 877 4217 p.1⁰,
898 4165 922 4198 n.
944 4149 968 4200 2.

144 4245 174 4312 c)
194 4239 228 4293 ir.
250 4244 334 4314 pat,
353 4242 367 4308 q
388 4242 432 4291 cc.

144 4333 174 4401 a)
195 4333 277 4403 pm,
298 4331 312 4397 t
334 4324 378 4380 ta.

145 4423 174 4492 8)
194 4419 259 4492 legg.
280 4425 329 4471 att.
350 4433 374 4486 p.
386 4415 448 4464 aab.
