2842 5018
689 270 752 334 136

117 451 250 522 heredes
280 452 410 539 scripsit
438 459 546 518 ratum
571 459 635 530 est,
660 472 735 518 curn
760 452 819 519 diii
843 461 917 521 ante
941 452 1142 541 pubertatem
1168 455 1312 525 decesse-

116 582 205 640 ruot.
254 574 344 639 Tunc
365 570 446 638 lsaei
467 570 613 638 fraudem
635 572 699 639 iam
721 573 847 640 ostendi
868 575 901 639 in
922 575 1066 640 oratione
1085 574 1125 640 de
1144 575 1311 665 Cleonymi

40 777 44 781 ι
114 692 292 760 hereditate
301 714 309 767 ;
341 712 428 758 nune
457 690 602 758 eiusdem
626 694 763 759 oratoris
787 690 869 759 aiter
892 691 1021 781 locus¹)
1047 692 1237 780 diligentius
1260 697 1312 762 iu·

113 813 287 899 spiciatur,
321 813 377 879 sed
408 812 550 899 primurn
584 821 715 879 auctore
749 811 888 879 hohreeo
920 813 1121 881 emendetur.
1171 816 1312 885 Enarrat

113 940 222 999 autern
246 941 354 998 orator
378 932 602 999 Aristarchum
628 932 818 998 morientem
844 932 960 1000 liberos
980 942 1120 1020 quatuor
1139 934 1310 1022 reliquisse

112 1050 192 1117 duos
217 1051 298 1117 tilios
321 1051 520 1139 totidemque
544 1051 641 1127 filias;
669 1051 787 1120 harum
811 1072 887 1119 vero
911 1052 1047 1120 alteram
1070 1056 1192 1121 teneris
1216 1057 1309 1123 annis

112 1178 273 1239 mortuam
306 1171 509 1259 alterumque
538 1171 639 1238 titium
670 1171 862 1260 Gyrouidem
895 1174 927 1239 iu
957 1174 1053 1240 aliam
1075 1173 1211 1265 domum
1235 1175 1309 1243 ado

111 1298 238 1377 ptatum
259 1311 342 1372 esse3
368 1292 576 1378 superstitem
592 1292 694 1377 igitur
707 1298 834 1360 tantum
847 1290 947 1358 fuisse
959 1293 1191 1361 democharem
1206 1294 1307 1363 filiurn

111 1410 269 1489 aiterum,
301 1430 396 1496 quem
426 1411 459 1475 in
484 1411 585 1497 patris
608 1409 691 1475 hona
716 1410 888 1478 succedere
910 1411 1091 1499 oportebat,
1114 1421 1148 1481 et
1171 1415 1307 1483 aiteram

111 1529 226 1609 filiam,
250 1531 369 1596 actoris
391 1539 546 1606 matrem;
568 1530 799 1598 Democharern
823 1531 940 1599 obiisse
960 1541 1134 1620 antequam
1155 1535 1206 1600 sui
1227 1536 1308 1603 iuris

111 1659 196 1718 esset
228 1650 347 1726 iactus3
387 1649 488 1736 igitur
523 1657 661 1717 matrem
696 1651 813 1717 actoris
849 1652 1008 1734 ἐπίκληρον
1041 1652 1186 1720 relictam
1221 1674 1302 1722 esse.

110 1769 280 1858 Gyrooidis
311 1776 419 1836 tamen
450 1768 537 1835 filius
568 1767 776 1835 Aristarchus
800 1769 829 1834 11
861 1790 918 1856 per
940 1769 989 1837 ias
1013 1781 1110 1858 atque
1135 1771 1237 1850 nefas,
1263 1782 1302 1841 ut

110 1889 224 1957 saltem
247 1909 362 1957 causae
386 1896 520 1977 patrono
544 1886 685 1967 videtur,
718 1889 751 1953 in
776 1890 956 1957 Aristarchi
980 1891 994 1958 i
1018 1891 1151 1959 domum
1174 1892 1305 1982 adopta·

111 2019 165 2077 tus
188 2020 246 2077 est.

155 2129 246 2198 Hanc
277 2139 385 2198 atatem
417 2129 619 2217 adoptionem
653 2148 782 2196 summa
815 2130 935 2197 iniuria
966 2130 1083 2198 iactam
1116 2152 1187 2201 esse
1218 2133 1306 2203 hisce

110 2250 326 2318 demonstrat:
351 2270 426 2317 »vos
448 2268 560 2317 omnes
583 2250 666 2316 scire
689 2249 829 2316 arbitror
853 2249 1123 2318 introductionem
1144 2253 1192 2342 (in
1214 2254 1307 2341 phra-

110 2371 193 2436 triae
224 2369 373 2456 domique
405 2368 545 2456 tabulas)
579 2368 718 2435 filiorum
754 2377 945 2437 testamento
967 2371 1193 2439 institutorum
1219 2373 1306 2452 heri,

111 2490 138 2555 si
167 2491 225 2575 qui
249 2496 440 2557 testamento
464 2487 598 2555 heredes
619 2489 822 2556 instituerint
845 2489 990 2576 filiosque
1013 2512 1067 2559 eos
1090 2493 1153 2559 sihi
1174 2492 1306 2581 adopta·

111 2611 235 2689 veriut;
270 2630 345 2677 narn
376 2609 470 2676 aliter
501 2629 565 2675 non
593 2608 681 2678 licet.
730 2608 764 2675 Si
787 2610 889 2696 igitur
912 2609 997 2678 dicet
1021 2611 1139 2699 aliquis
1161 2614 1304 2681 Aristar·

110 2729 208 2796 chum
234 2729 273 2818 (1)
298 2729 337 2796 de
362 2729 452 2796 honis
475 2731 543 2796 suis
563 2748 619 2816 per
640 2737 870 2797 testamentum
889 2732 1111 2810 constituisse,
1130 2731 1305 2800 affirmabit

110 2850 138 2914 is
160 2849 289 2915 veritati
312 2850 540 2936 repugnantia;
565 2868 639 2914 nam
663 2856 732 2915 erat
755 2848 945 2916 Aristarcho
968 2850 1054 2917 filius
1074 2859 1171 2920 natus
1191 2854 1302 2920 Demo-

110 2969 241 3048 chares,
262 2968 339 3037 adeo
361 2976 397 3035 ut
417 2965 639 3046 Aristarchus,
662 2969 789 3035 etiarnsi
810 2968 981 3048 voluisset,
1002 2990 1063 3037 non
1078 2973 1237 3060 potuisset
1249 2973 1302 3041 aiii

111 3089 252 3175 cuipiam
283 3089 366 3157 hona
398 3108 457 3156 sua
481 3089 601 3175 legare;
626 3089 676 3154 sin
700 3096 809 3154 autern
832 3090 1020 3157 Aristarcho
1043 3091 1083 3180 (1)
1108 3091 1262 3160 defuncto
1285 3113 1303 3161 a

109 3208 306 3275 Demochare
339 3209 406 3274 aiat
435 3208 552 3294 aliquis
582 3228 657 3274 eurn
691 3209 928 3296 (Aristarchum
962 3210 1006 3298 11)
1039 3212 1073 3276 iu
1106 3211 1215 3280 locum
1246 3212 1302 3280 filii

110 3302 296 3414 adoptatum
320 3346 406 3404 esse,
431 3328 528 3394 etiarn
553 3326 612 3394 hoo
635 3328 824 3404 mentietur;
848 3349 948 3417 puero
971 3332 1058 3397 enim
1079 3341 1235 3417 negatum
1253 3342 1301 3401 est

109 3446 148 3515 de
180 3446 273 3515 honis
301 3448 369 3515 suis
399 3448 612 3526 constituere,
641 3447 692 3513 lex
723 3449 810 3515 enim
839 3457 926 3516 vetat
950 3449 1081 3518 disertis
1104 3452 1211 3519 rerhis
1233 3451 1302 3520 edi·

109 3587 201 3636 cens:
232 3586 332 3657 puero
361 3587 423 3634 uon
446 3567 522 3634 iicet
546 3587 620 3634 oum
645 3585 808 3654 quoquam
831 3568 1021 3636 contrahere
1046 3590 1150 3659 neque
1173 3571 1302 3640 mulieri

110 3687 194 3754 ultra
225 3688 368 3774 singulos
401 3687 580 3755 medimnos
611 3687 776 3754 frumeuti.
825 3686 923 3775 Atqui
947 3696 1047 3756 testes
1071 3691 1160 3757 vohis
1184 3693 1301 3759 condr-

108 3808 277 3896 marunt²)
313 3807 539 3874 Aristarchum
570 3807 611 3894 (i)
647 3816 721 3875 ante
755 3807 985 3875 Democharem
1020 3809 1116 3877 rehus
1150 3810 1302 3881 humanis
1344 3890 1345 3894 Ἴ

108 3929 281 3995 excessisse
313 3937 345 3994 et
377 3927 463 3994 hunc
487 3935 558 4015 post
582 3929 769 4017 patrem³)''
817 3928 852 3993 In
877 3927 928 3995 his
953 3931 1060 3997 onmia
1085 3929 1164 3997 hene
1188 3952 1300 4018 proce·

111 4082 315 4100 m

147 4169 177 4238 1)
196 4167 228 4220 de
248 4168 326 4225 Arist.
346 4168 400 4225 her.
420 4191 444 4244 p.
457 4175 507 4240 80,
528 4174 542 4241 ᾗ
562 4174 593 4240 9;
612 4169 644 4226 cf.
664 4192 688 4245 p.
701 4175 748 4239 87,
769 4190 795 4226 n.
816 4175 840 4226 1.

147 4259 178 4327 2)
197 4255 251 4310 scit.
271 4258 286 4326 §
308 4261 332 4313 7.

148 4347 178 4415 3)
197 4346 408 4414 μεμαρτύρηται
426 4347 453 4396 δ’
473 4347 662 4418 Ἀρίσταρχον
675 4349 725 4411 μὲν
739 4349 875 4419 πρότερον
891 4349 1075 4418 Δημοχάρους
1093 4352 1143 4400 τοῦ
1163 4350 1238 4410 uidae
1255 4369 1304 4404 τε·

112 4434 258 4503 deotpato,
285 4434 388 4487 ἐκεῖνον
414 4438 440 4489 δ’
469 4437 584 4505 ὕστερον
611 4437 661 4486 τοῦ
688 4436 800 4507 πατρός.
839 4438 894 4494 noi
920 4458 971 4495 non
998 4438 1121 4496 assentior
1140 4440 1304 4516 argumentis
