2842 5018
721 291 784 354 tou

164 481 196 547 irl
224 487 273 548 est
295 481 328 546 in
350 476 463 544 landis
487 474 648 542 tutoribus
671 493 758 540 nunc
783 480 910 542 tantum
934 482 1080 542 nostrum
1103 483 1151 542 ost
1176 475 1359 561 inquirere,

165 621 238 667 nam
264 599 303 666 de
325 596 448 684 reliqua
471 594 637 662 archontis
659 613 739 660 cura
763 612 840 680 erga
864 594 1021 681 prrpillos,
1046 615 1121 662 cum
1145 603 1272 663 tutores
1295 596 1360 662 iam

164 721 322 787 nominati
346 725 470 795 essent,
493 721 603 801 postea
624 713 798 780 videndum
820 714 895 781 crit.
944 713 1011 780 llac
1030 717 1063 780 in
1084 735 1120 782 re
1139 735 1215 784 vero
1235 717 1361 802 antiqui

164 838 246 906 nihil
277 838 400 904 directo
431 834 617 904 testimonio
649 832 817 900 definiunt.
866 833 1017 922 Pollux1)
1050 843 1160 903 tamen
1189 855 1362 905 recensens

166 977 303 1026 rnunera
322 956 487 1024 archontis
506 954 617 1028 haece:
638 955 653 1020 ὅ
673 956 699 1021 δ’
719 952 823 1036 ἄρχων
842 955 992 1031 διατίθησι
1013 955 1070 1035 μὲν
1089 955 1132 1021 τίν
1153 955 1304 1021 Διινιίσια
1313 957 1362 1022 καί

167 1079 335 1161 Θαργήλια
357 1076 442 1155 aare
465 1082 523 1141 τῶν
546 1077 758 1154 ἐπιμελητῶν,
780 1074 863 1140 δίκαι
882 1075 914 1140 δὲ
933 1077 1006 1156 πρὸς
1026 1077 1119 1142 αὐτὸν
1141 1075 1360 1156 λανχιίνονται

166 1199 350 1275 κακώσεως,
381 1195 571 1277 παρανιίαρ,
603 1197 646 1268 είς
679 1196 839 1270 διαιτητῶν
865 1193 991 1276 αίρεσιν,
1016 1197 1181 1287 ἕπιτρσπιῖσΙ
1204 1198 1361 1280 ὀρφανῶν,

166 1315 395 1398 ἐπιτρόπων
418 1314 727 1393 καταστάσεις,
751 1315 866 1396 κλήρων
890 1315 943 1380 καί
967 1316 1135 1396 ἐπικλήρων
1159 1317 1360 1382 ἕτιδικασίαι.

166 1437 204 1503 ln
234 1434 285 1500 hls
313 1431 479 1500 offendunt
509 1432 662 1501 vocabula
693 1431 862 1514 ἐπιτρίτων
895 1434 1119 1521 καταστάσεις.
1168 1434 1254 1502 llaec
1278 1437 1363 1506 enim

167 1555 232 1621 dici
256 1574 319 1619 non
343 1559 448 1640 potest
471 1554 573 1631 actio,
599 1571 695 1639 quam
721 1550 760 1617 oli
784 1571 915 1619 causam
936 1554 1075 1642 lleier2)
1097 1555 1237 1622 coniecit
1254 1574 1292 1625 ea
1312 1577 1362 1622 vo

169 1673 283 1741 cabula
307 1674 416 1740 sedem
441 1673 615 1739 mutavisse
639 1681 671 1739 et
696 1671 829 1758 legenda
851 1693 922 1740 esse
941 1683 1012 1760 post
1032 1678 1117 1754 μετα
1137 1683 1197 1742 τῶν
1216 1678 1361 1755 traman-

167 1801 241 1871 σῶα
272 1793 328 1861 sed
353 1792 460 1859 nullus
484 1791 598 1858 dubito
619 1812 660 1858 an
686 1791 768 1861 male
791 1792 955 1860 dioaturt
981 1794 1086 1878 ίρχων
1109 1797 1274 1872 διατίίησιν
1295 1799 1359 1863 int·

168 1915 286 1997 τρίτων
317 1911 530 1985 καταστάσεις
561 1932 618 1998 pro
649 1914 664 1977 ί
695 1911 800 1993 ἄρχων
830 1912 1009 1990 καθίστησιν
1041 1915 1236 1998 ἐπιτρίτους,
1265 1936 1364 2003 quare

170 2035 256 2101 aliud
288 2032 507 2122 quaerendum
541 2032 670 2098 videtur
700 2030 896 2110 remedium,
928 2034 1014 2119 quod
1045 2046 1117 2101 tum
1140 2035 1273 2106 demum
1295 2037 1366 2106 llari

168 2155 304 2241 poterit,
332 2172 408 2219 cum
437 2151 702 2238 inquisiverimus
732 2171 889 2241 quaenam
917 2151 1017 2221 luerit
1040 2154 1205 2222 archontis
1229 2177 1310 2224 cura
1330 2158 1363 2223 in

169 2273 284 2341 dandis
314 2272 485 2338 tutoribus.
533 2272 747 2357 Inspiciamus
769 2272 874 2358 primo
897 2273 1017 2361 lsaei³)
1044 2273 1169 2353 locum,
1195 2275 1252 2342 uhi
1277 2278 1362 2342 Anti·

170 2393 268 2458 dorus
292 2399 324 2456 ct
348 2390 523 2457 Androcles
542 2390 687 2457 videntes
706 2391 938 2459 Euctemoncm
961 2412 1038 2478 prae
1058 2395 1147 2460 senio
1167 2395 1214 2460 ita
1233 2415 1367 2482 prorsus

171 2519 359 2578 enervatum
391 2517 429 2575 ut
460 2530 501 2577 ne
522 2510 605 2576 lecto
629 2511 760 2596 quidem
785 2529 955 2596 resurgere
979 2513 1095 2598 possit,
1119 2513 1278 2581 dicuntur
1299 2535 1364 2581 me·

172 2632 270 2698 ditari
294 2628 451 2716 quomodo
473 2636 543 2714 post
564 2630 633 2694 eins
653 2629 775 2694 obitum
798 2630 868 2695 cius
888 2628 1058 2698 facultates
1077 2634 1111 2698 in
1131 2653 1191 2699 sua
1210 2641 1365 2722 potestate

171 2751 303 2817 triturae
324 2749 405 2823 sint;
427 2747 512 2834 quod
536 2754 573 2813 ut
596 2745 754 2824 alliciant,
778 2746 927 2814 deferunt
950 2748 1088 2816 duorum
1112 2771 1289 2838 puerorum
1311 2773 1363 2820 no·

173 2872 262 2936 mina
283 2867 326 2934 ad
350 2867 537 2934 archontcm
562 2874 598 2933 ut
621 2866 845 2954 adoptatorum
866 2887 885 2933 a
904 2867 1030 2936 duobus
1047 2870 1259 2938 Euctemonis
1278 2872 1368 2952 liliis,

172 2998 274 3058 semet
304 2989 368 3076 ipsi
398 2987 513 3054 horum
547 2995 670 3053 tutores
700 2986 924 3075 praedicantes
934 2988 963 3076 ⁴)
985 2997 1018 3056 et
1039 2990 1188 3058 archonti
1212 2992 1366 3060 mandant

174 3130 286 3178 corum
306 3128 383 3195 opes
401 3107 488 3174 velut
510 3106 660 3173 orborum
680 3106 814 3173 elocare.
863 3107 980 3174 Orator
997 3109 1220 3182 demonstrare
1232 3123 1368 3182 conatur

174 3230 342 3316 adoptatos
373 3229 453 3294 istos
484 3226 712 3312 suppositicios
744 3247 803 3293 nec
835 3227 938 3294 multo
960 3229 1109 3298 meliores
1133 3240 1260 3300 tutores
1282 3237 1367 3324 ipsos

174 3368 258 3422 essc;
289 3347 349 3412 hoc
373 3366 449 3412 vero
471 3344 552 3410 nihil
575 3345 614 3410 ael
638 3365 727 3422 reni,
751 3354 898 3412 nostrum
922 3351 1007 3415 enim
1031 3359 1160 3419 tantum
1184 3361 1234 3420 cst
1259 3354 1366 3423 ridere

174 3467 252 3554 quid
284 3487 323 3534 ex
353 3465 505 3532 hocloco
528 3484 603 3530 cram
627 3463 729 3530 altero
752 3475 938 3553 comparato
959 3470 1001 3534 sit
1021 3469 1229 3542 eliciendumt
1278 3473 1366 3540 Alter

175 3589 228 3655 ille
248 3586 393 3653 eiusdem
411 3586 550 3650 oratoris
569 3584 668 3673 ost⁵):
682 3593 810 3651 mortuo
830 3587 1010 3658 Nicostrato
1030 3590 1216 3662 Aminiatles
1234 3592 1365 3679 quitiam

174 3707 296 3772 elicitur
327 3725 462 3792 pueram
494 3704 637 3770 nondum
669 3712 738 3773 tres
768 3726 870 3772 annos
900 3717 1013 3783 natum
1037 3710 1077 3777 ad
1101 3712 1290 3780 anebontem
1313 3712 1364 3780 atl-

174 3827 307 3903 ducem,
331 3844 427 3910 quem
451 3843 587 3910 puerum
613 3823 715 3889 ilium
739 3824 911 3894 Nicostrati
937 3849 1006 3897 esse
1029 3830 1168 3899 dicebat.
1215 3833 1286 3914 Quo
1305 3833 1366 3901 elie

176 3981 390 3995 ...au—u*-

211 4088 241 4154 1)
262 4086 339 4148 vul,
361 4085 404 4136 89.

212 4175 242 4242 2)
262 4171 338 4224 lleior
358 4169 410 4222 und
430 4167 546 4222 Solaoeur.
566 4168 613 4221 der
631 4177 678 4223 att.
699 4188 766 4241 proc.
788 4189 812 4242 p.
823 4175 887 4226 eto.

211 4265 240 4329 3)
260 4253 416 4312 ‹le'l‘lriloct
436 4256 490 4311 her.
511 4277 534 4328 p.
547 4259 595 4323 59,
618 4259 633 4328 ᾗ
653 4261 696 4312 36.

210 4352 241 4418 4)
263 4347 464 4414 διαρρίψαντες
480 4348 547 4403 σφᾶς
567 4345 669 4403 αὐτοὺς
684 4346 856 4416 ἐπιτρίτους,

210 4439 241 4507 u)
259 4436 291 4489 de
311 4435 417 4489 Nicostr.
437 4434 490 4488 hor.
510 4453 535 4506 p.
547 4436 596 4503 tt,
617 4436 632 4502 t
652 4437 677 4486 8.
