2842 5018
634 271 696 334 117

61 475 173 533 rum,
202 456 237 520 ri
265 453 314 518 ἐπὶ
341 452 435 527 traria
460 453 577 530 ἡβῆσαι
601 459 665 518 est
688 460 806 518 aetas
829 452 994 520 duobus
1017 457 1142 523 annis
1166 478 1255 546 pro·

62 575 235 641 rectior
268 591 387 659 quam
410 569 482 651 ἥβη.
531 571 565 637 Si
588 570 757 638 Aeschinis
782 572 991 658 interpretem
1016 575 1170 643 evolveris
1193 596 1256 642 non

60 694 123 760 alia
155 692 261 759 disces
282 693 326 779 1);
362 692 573 768 novimus,
610 691 732 777 inquit,
767 690 1053 760 Athenienses
1085 694 1182 761 inde
1211 695 1258 760 ab

61 832 168 881 anuo
199 811 547 879 duodevicesimo
582 811 745 877 aetatis
775 811 1065 880 lexiarchicis
1096 813 1259 880 tabulis

59 930 247 999 inscribi
270 932 426 1007 solere;
449 930 611 1017 praecedit
634 937 760 997 autem:
787 930 885 997 inde
909 932 958 998 ab
981 953 1088 999 anno
1111 932 1258 1001 duode-

61 1053 268 1119 vicesimo
296 1051 460 1117 aetatis
491 1049 808 1116 inducebantur
838 1052 878 1116 in
907 1051 1078 1119 tabulas
1101 1052 1259 1119 lexiar·

63 1170 210 1238 chicas
233 1179 273 1238 et
296 1170 397 1235 duos
421 1188 552 1235 annos
574 1171 689 1236 inter
712 1169 850 1252 ἐφήβους
874 1170 1175 1239 versabantur.

107 1291 165 1356 llis
199 1309 275 1357 vero
308 1290 503 1356 testimoniis
535 1296 701 1375 opponunt
732 1289 806 1355 alia.
840 1289 1088 1377 Harpocration
1110 1291 1136 1379 ²)
1168 1292 1256 1358 enim

64 1410 158 1478 haec:
191 1411 264 1496 qui
295 1409 504 1476 decimum
541 1416 736 1475 octavum
766 1411 926 1476 aetatis
949 1429 1102 1477 annum
1127 1418 1259 1497 agunt

63 1528 216 1617 ephebi
248 1527 356 1616 apud
379 1526 668 1595 Athenienses
691 1525 897 1595 dicuntur
919 1538 1179 1617 manentque
1204 1532 1260 1596 iu·

62 1656 127 1716 ter
154 1667 225 1715 eos
256 1648 493 1722 biennium:
517 1654 608 1733 post
632 1648 670 1711 in
695 1646 985 1715 laxiarchicas
1008 1649 1177 1716 tabulas
1199 1670 1259 1717 re·

64 1765 284 1845 feruntur,
307 1768 404 1833 sicuti
429 1766 607 1855 Hyperides
631 1767 677 1831 ait
700 1767 732 1831 in
757 1767 902 1833 oratione
924 1768 965 1834 de
984 1769 1086 1835 tutela
1105 1770 1261 1837 adversus

63 1885 250 1959 Charetem
286 1893 474 1968 »postquam
510 1885 688 1968 inscriptus
723 1903 795 1949 snm
827 1894 860 1950 et
892 1885 973 1952 mibi
1005 1906 1118 1954 curam
1149 1907 1260 1955 rerum

66 2003 166 2069 matri
196 2002 383 2069 relictarum
413 2001 463 2067 lex
494 2002 661 2077 attribuit,
692 2019 773 2087 quae
802 2001 892 2069 iubet
916 2003 1085 2072 mulierem
1109 2005 1260 2074 heredem

65 2140 241 2208 omnesque
265 2122 335 2188 eius
359 2119 529 2187 facultates
553 2121 588 2186 in
613 2119 752 2185 liliorum
775 2129 934 2206 potestate
958 2142 1044 2203 esse,
1069 2145 1144 2191 cum
1168 2124 1263 2212 ephe·

64 2240 180 2307 borum
213 2239 381 2308 biennium
413 2241 643 2307 excesserint.''
691 2239 752 2308 Sed
785 2241 979 2328 Hyperidem
1007 2241 1089 2308 nihil
1113 2242 1152 2310 de
1175 2245 1262 2313 rice·

65 2361 149 2427 simo
181 2361 296 2426 aetatis
327 2379 411 2425 anno
442 2358 550 2426 dicere
582 2358 682 2426 vides.
731 2356 843 2424 Pollux
876 2358 943 2427 lere
966 2360 1077 2428 eadem
1100 2362 1202 2431 tradit
1215 2364 1262 2453 ³):

66 2482 182 2547 iuter
213 2477 397 2566 ephebos
420 2477 656 2545 octodecim
681 2497 815 2545 annos
840 2480 931 2545 nati
955 2480 1264 2549 referebantur

66 2607 106 2667 et
136 2619 209 2686 per
239 2598 459 2664 biennium
490 2598 603 2663 inter
626 2595 807 2679 περιπόλους
832 2599 1187 2675 numerabantur;
1211 2603 1264 2667 ri·

68 2720 222 2787 cesimo
250 2718 405 2785 aetatis
429 2737 532 2784 annu
555 2715 715 2783 tabulis
738 2716 1030 2787 lexiarchicis
1054 2720 1264 2788 inscribe·

68 2839 237 2905 bantur.

115 2958 200 3025 llaec
231 2957 435 3042 grammatici
468 2955 620 3030 tradunt;
653 2955 744 3022 nobis
773 2957 876 3041 igitur
898 2955 1081 3041 eligendum
1107 2968 1156 3026 est
1179 2961 1266 3027 inter

68 3097 191 3145 annum
220 3075 514 3143 duodevicesimam
545 3082 578 3141 et
608 3094 729 3141 anirum
755 3076 944 3142 vicesimum
967 3077 1087 3164 ipsum.
1136 3077 1264 3146 Videbi-

69 3217 144 3265 mus
167 3217 230 3263 non
254 3193 467 3262 dubitandum
492 3214 580 3274 esse,
605 3196 685 3281 quin
707 3195 761 3260 illo
781 3214 866 3261 anno
885 3197 1034 3283 inscripti
1053 3196 1185 3265 inerint.
1226 3199 1265 3265 lu

70 3318 124 3383 his
153 3315 360 3383 enucleandis
387 3314 466 3380 mihi
491 3334 572 3400 opus
595 3322 665 3381 erat
689 3315 898 3400 inquisitione
921 3314 954 3380 in
978 3335 1100 3383 annum
1125 3319 1263 3387 natalem

72 3436 312 3510 Demosthenis;
332 3435 418 3500 hunc
438 3454 514 3500 vero
534 3441 647 3499 natum
668 3453 737 3500 esse
757 3434 799 3501 ol.
822 3434 934 3512 XCIX,
951 3439 966 3499 1
986 3436 1135 3522 atqueol.
1149 3438 1262 3514 clins

71 3557 124 3624 sui
148 3556 230 3623 iuris
261 3554 381 3621 lactum
411 3573 481 3620 esse
513 3553 562 3618 vir
592 3553 800 3619 doctissimus
831 3552 982 3621 Schaeier
1001 3555 1029 3641 ⁴)
1061 3563 1127 3620 tam
1158 3553 1264 3622 lucide

111 3876 141 3943 1)
160 3870 239 3925 schol.
259 3869 291 3923 ad
310 3888 346 3923 or.
366 3886 388 3921 c.
409 3871 475 3920 Clas.
496 3886 521 3939 p.
533 3870 583 3933 7⁰,
603 3868 617 3938 §
639 3868 702 3920 122.

111 3965 142 4031 2)
162 3979 185 4014 v.
210 3958 258 4009 int
283 3954 375 4014 διετὲς
399 3954 510 4020 ἡβῆσαι.
548 3954 632 4027 ipsius
661 3952 867 4027 llarpmrationis
895 3953 1078 4010 anctoritatem
1101 3955 1223 4030 sequitur
1238 3967 1266 4013 et

71 4049 152 4105 verba
171 4047 295 4102 describit
314 4053 405 4101 auctor
420 4043 535 4119 Etpmol.
555 4046 586 4097 ld.
607 4060 630 4095 v.
649 4041 698 4090 eet
716 4039 808 4097 διετὲς
825 4041 936 4106 ἡβῆσαι,

111 4142 142 4209 3)
162 4140 238 4204 viti,
259 4139 327 4203 1053
347 4132 458 4188 Pollucis
477 4132 566 4186 locum
584 4130 696 4204 respexit
710 4128 789 4184 schol.
810 4129 842 4185 ud
862 4130 927 4186 Plat.
950 4130 1031 4187 Alcib.
1051 4136 1080 4201 l,
1099 4153 1124 4207 p.
1135 4138 1188 4191 105
1206 4141 1238 4192 Α.

112 4231 143 4298 4)
167 4227 185 4280 Ι.
206 4226 224 4281 l.
245 4228 300 4290 ΙΙΙ,
321 4227 354 4291 2,
374 4227 410 4278 38
429 4241 483 4297 sqq.
521 4219 597 4292 Quod
623 4218 697 4273 Bahii
716 4218 807 4288 (schol.
823 4219 884 4294 hyp.
904 4224 958 4290 111,
977 4241 1002 4296 p.
1013 4226 1068 4276 sto
1086 4227 1153 4299 sqq.)
1171 4223 1266 4280 doctis·

74 4317 143 4371 sima
162 4312 309 4388 disquisitio
334 4312 362 4380 in
392 4312 458 4366 hano
483 4308 709 4386 impeditissimum
725 4307 903 4382 quaestionem
920 4304 1173 4388 Schueicrum‘fupit
1192 4311 1267 4369 rehe-

74 4401 238 4460 mentissime
256 4400 346 4458 miror.
