2842 5018
667 269 705 329 13

92 456 132 523 de
156 454 274 541 quihus
294 471 471 539 numquam
492 451 545 517 hic
566 451 767 536 cogitaverit.
816 451 920 517 Huius
940 453 987 517 rei
1007 451 1151 539 exempla
1175 473 1288 522 eumu-

92 577 160 642 lare
193 595 279 641 nune
311 592 423 659 pareo;
456 592 519 639 non
552 591 627 638 vero
658 591 808 659 possum,
834 573 914 659 quin
937 570 1051 639 leviter
1075 572 1286 642 Plutarchum

92 697 269 782 castigem,
307 695 363 780 qui
394 694 478 759 serio
510 702 622 758 narrat
642 695 668 780 ¹)
703 712 722 758 a
755 692 867 759 Solone
891 693 1079 759 institutum
1102 693 1202 759 luisse
1224 695 1287 777 spic

94 817 226 884 ἑκάστου
249 815 342 894 μηνὸς
366 813 572 894 ἐντυγχάνειν
595 795 720 886 πάντων
744 822 782 897 τῇ
807 813 956 896 ἐπικλήρῳ
976 814 1028 879 τὸν
1048 811 1203 893 λαβόντα.
1249 813 1289 882 Ut

94 956 172 1004 vero
201 936 346 1022 saepius,
378 935 427 1001 sic
458 935 556 1000 etiam
588 931 647 1000 hoc
680 934 713 996 in
744 943 936 1018 argumento
957 932 1080 1000 fraudis
1103 953 1145 1000 an
1168 935 1289 1001 erroris

96 1056 202 1124 dicam
236 1075 270 1121 se
303 1056 371 1140 ipse
401 1056 530 1139 arguit;
561 1054 613 1120 ius
642 1056 751 1134 enim,
784 1053 869 1140 quod
900 1051 961 1119 hoc
988 1052 1057 1120 loco
1080 1051 1120 1119 de
1143 1053 1290 1140 epicleris

96 1186 225 1245 tantum
245 1174 384 1243 valuisse
403 1175 498 1252 dicit,
515 1176 548 1242 in
561 1176 726 1242 Amatorio
739 1176 766 1260 2)
779 1173 930 1240 omnihus
943 1174 1053 1260 nuptis
1065 1172 1176 1240 datum
1190 1173 1290 1242 luisse

98 1297 209 1365 tradit.

143 1416 207 1485 Sed
237 1436 279 1482 eu
306 1414 500 1482 diverticulo
531 1414 572 1480 ad
603 1415 655 1481 ius
685 1414 822 1480 atticum
858 1413 1029 1480 redeamus
1061 1421 1094 1479 et
1125 1413 1291 1480 videamus

98 1535 351 1605 Atheniensibus
393 1535 578 1601 licuisse
612 1554 710 1622 opes
744 1554 843 1601 suas
879 1553 948 1620 per
983 1541 1291 1601 testamentum

98 1658 342 1742 cuicunque
362 1655 526 1722 vellent
545 1655 662 1730 dare,
686 1656 722 1720 si
742 1653 1291 1740 iiliumnullnmrelinque·

95 1773 214 1851 ¹rent;
247 1781 315 1843 sin
346 1785 487 1841 autem
523 1774 664 1842 liliam
697 1775 1028 1859 relinquerent,
1064 1775 1124 1840 ita
1157 1782 1291 1840 ratum

99 1895 240 1962 luisse
274 1894 541 1959 voluntatem
577 1893 795 1970 defuncti,
827 1900 872 1957 ut
901 1893 958 1969 is,
981 1893 1053 1976 qui
1077 1891 1293 1958 heredita·

101 2021 185 2079 tem
218 2010 504 2088 eiusadiret,
539 2031 617 2078 una
649 2030 813 2097 quoque
846 2008 986 2076 liliam
1009 2011 1051 2077 in
1075 2013 1293 2079 matrimo-

102 2134 218 2200 nium
242 2131 425 2198 duceret
449 2129 487 2219 ⁸).

148 2253 264 2338 Legem
298 2252 379 2318 hanc
406 2260 630 2338 comparantes
649 2252 726 2338 legi,
746 2272 784 2319 ex
804 2271 869 2339 qua
888 2250 1005 2318 licebat
1024 2252 1140 2318 marito
1158 2271 1293 2319 uxorem

101 2374 197 2440 cuius
216 2374 285 2459 ipsc
308 2371 405 2454 κύριος
429 2379 533 2447 esset,
558 2370 652 2439 alteri
676 2371 890 2458 despondere,
912 2392 1011 2440 novae
1034 2372 1116 2458 legis
1135 2373 1294 2459 originem

103 2494 304 2580 reperimur,
328 2512 410 2578 quae
430 2492 593 2558 statuebat
617 2492 869 2560 moribundo
893 2512 967 2580 per
989 2499 1296 2560 testamentum

103 2612 291 2679 licuisse
322 2611 585 2698 despondere
616 2633 788 2680 uxorem
820 2615 944 2680 cuius
968 2614 1056 2700 ipse
1079 2611 1215 2696 κύριος
1239 2631 1296 2679 es·

103 2739 169 2799 set
200 2739 241 2798 et
274 2729 416 2809 filias,
453 2733 547 2798 cuius
580 2734 628 2800 rei
661 2734 844 2821 exemplum
880 2733 1037 2800 hahemus
1071 2732 1295 2799 Demosthenis

105 2853 224 2938 patris,
248 2853 306 2938 qui
330 2870 387 2938 per
409 2859 640 2919 testamentum
666 2853 763 2920 liliam
786 2874 861 2920 cum
885 2853 1010 2920 duobus
1033 2852 1163 2919 talentis
1182 2853 1296 2918 llerno·

108 2971 219 3058 phonti
253 2970 404 3049 elocavit,
440 2992 572 3039 uxorem
603 2980 711 3039 autem
743 2993 818 3039 cum
852 2973 1015 3057 octoginta
1037 2973 1199 3038 minarum
1224 2970 1297 3038 dote

106 3091 237 3178 Aphoho
254 3092 292 3179 4).
338 3091 387 3157 Ita
417 3092 549 3170 Pasion,
582 3100 618 3160 ut
648 3090 738 3158 brevi
770 3100 864 3158 antea
896 3090 1037 3158 diximus
1049 3089 1093 3179 ⁵),
1118 3109 1176 3176 per
1197 3096 1297 3156 testa-

109 3254 314 3273 m

148 3364 179 3433 1)
198 3381 221 3416 v.
242 3360 342 3414 Solonis
361 3377 383 3412 c.
403 3361 448 3413 20.

148 3453 179 3522 2)
197 3469 220 3504 c.
238 3453 283 3507 23.

149 3542 231 3609 3)1e.
257 3537 289 3592 de
319 3535 412 3611 Pyrrhi
441 3535 495 3589 her.
521 3540 605 3609 pil,
627 3538 642 3606 d
663 3539 712 3606 683
732 3534 766 3592 ci.
785 3535 816 3590 de
837 3535 916 3590 Arist.
936 3532 989 3589 her.
1010 3551 1033 3605 p.
1046 3535 1095 3600 81,
1117 3533 1197 3602 §13.
1234 3529 1299 3585 Male

112 3626 188 3681 hleier
207 3627 296 3697 (hleier
315 3625 370 3680 und
388 3624 564 3693 Schoemann‚
584 3623 630 3678 der
648 3634 698 3679 att.
717 3643 786 3699 proc.
804 3645 828 3698 p.
839 3626 906 3695 468)
927 3621 989 3675 huic
1005 3619 1057 3694 legi
1071 3628 1203 3693 comparat
1215 3617 1298 3691 legem

112 3716 141 3770 in
169 3714 329 3786 [Demosth]
359 3723 422 3769 orat.
450 3713 507 3768 adv.
537 3716 640 3768 llacart.
659 3734 684 3788 p.
696 3717 784 3781 1067,
805 3716 819 3783 ᾗ
840 3716 875 3767 51
905 3718 1050 3776 seruatam
1079 3707 1189 3763 initium
1208 3715 1299 3762 autem

111 3805 199 3878 ipsum
228 3804 291 3878 legis
319 3802 392 3861 dcccc
408 3804 446 3868 νὴ
465 3801 634 3864 διαθέμενος
650 3802 781 3871 ἀποθάνῃ
809 3820 870 3856 enm
891 3796 1017 3873 impedire
1036 3795 1177 3863 debuerat,
1197 3793 1300 3869 quomi-

113 3912 163 3948 nus
190 3894 232 3948 ius
261 3892 448 3948 hereditarium
475 3891 509 3946 ab
534 3892 658 3946 intestato
680 3891 851 3946 confunderet
871 3907 933 3943 cum
952 3883 1149 3941 testamentario
1167 3883 1240 3951 iure3
1259 3881 1300 3936 lex

112 4002 171 4038 vero
190 3983 228 4038 l.l.
248 3991 390 4036 memorata
410 3980 553 4034 arctissime
574 3983 693 4038 cohaeret
708 4000 770 4036 cum
790 3987 913 4054 sequente
931 3975 963 4030 de
983 3973 1078 4048 puellis
1087 3970 1157 4028 orbis
1166 3991 1197 4028 er
1207 3969 1300 4026 infima

113 4072 208 4139 classe,
234 4072 266 4126 de
283 4090 336 4146 qua
356 4071 412 4142 lege
430 4067 582 4124 eonferenda
600 4079 679 4138 sunt,
698 4088 765 4145 quae
783 4072 809 4122 S.
830 4073 859 4125 Α.
875 4065 957 4122 Nabar
972 4062 1116 4138 disputavit
1131 4062 1161 4117 in
1179 4065 1299 4117 llnemos.

114 4164 144 4229 1,
164 4165 232 4230 392,
252 4160 299 4235 qni
319 4158 428 4214 coniecit
446 4157 641 4232 compilatorem
661 4158 725 4213 lsaei
745 4158 802 4232 lege
821 4175 901 4211 usum
918 4173 970 4210 esse
985 4152 1018 4210 ad
1038 4171 1131 4209 novam
1150 4147 1301 4224 fingendam

116 4249 192 4323 plane
207 4249 336 4303 diversam
355 4247 387 4303 ab
408 4246 539 4319 exemplo,
559 4245 628 4320 quod
646 4246 696 4300 sibi
716 4245 857 4300 sumsisset.

153 4342 183 4409 4)
202 4337 331 4394 nemesii.
352 4356 374 4390 c.
394 4334 491 4410 Aphob.
513 4339 536 4402 1,
557 4354 581 4407 p.
594 4339 659 4404 814,
682 4339 696 4406 §
718 4340 748 4402 5,
770 4339 809 4406 11,
831 4355 855 4409 p.
867 4338 936 4404 840,
957 4335 972 4402 ᾗ
994 4336 1036 4387 15.

154 4431 184 4499 5)
203 4428 235 4481 cf.
256 4446 333 4500 supra
352 4447 374 4500 p.
388 4429 436 4493 11,
458 4443 483 4479 n.
505 4428 528 4477 4.
