2842 5018
652 282 714 342 178

104 487 184 554 opes
202 466 319 534 elooari
337 465 452 532 debere
472 483 490 531 a
511 464 691 545 tutoribus,
711 471 749 530 ut
768 464 866 530 variis
885 463 963 531 loeis
980 463 1120 532 affirmat
1131 473 1240 531 orator
1253 465 1295 552 ¹),

110 596 233 654 tutores
255 586 287 652 id
312 607 374 653 non
393 585 549 653 iecerunt.
584 584 750 672 Negabant
768 583 892 651 soilioet
912 586 945 651 iu
966 593 1158 653 testamento
1178 585 1296 652 adseri·

109 718 198 796 ptam
231 707 329 775 fuisse
359 724 519 775 summam
549 704 681 772 relietae
704 703 892 771 hereditatis
914 713 947 773 et
969 705 1146 794 quidquam
1172 707 1297 775 iussum

108 848 180 897 esse
202 828 242 896 de
265 829 312 895 rei
334 826 503 894 familiaris
524 826 680 893 locatione
692 826 735 914 ²);
759 825 843 913 quod
864 826 979 893 deinde
1002 846 1082 893 novo
1104 835 1297 913 argumento

109 969 252 1016 asserere
282 948 478 1016 studuerunt
508 946 735 1015 contendentes
768 945 991 1015 Demosthenis
1021 968 1119 1015 arum
1150 947 1299 1014 debuisse

109 1070 234 1138 aerario
262 1078 297 1136 et
328 1076 495 1156 propterea
525 1077 650 1155 patrem
683 1066 822 1134 noluisse
853 1069 1084 1154 patrimonium
1116 1068 1238 1150 loeari,
1260 1090 1298 1138 ne

109 1191 233 1259 scilieet
265 1192 300 1256 in
328 1188 507 1276 perieulum
530 1187 695 1255 deveniret
708 1188 746 1276 i).
794 1188 1035 1256 Testamentum
1059 1190 1167 1276 ipsum
1192 1199 1298 1258 tamen

111 1311 254 1400 proierre
277 1310 464 1389 noluerunt,
484 1308 568 1396 quod
588 1315 696 1374 orator
717 1307 947 1375 absurdissime
967 1307 1006 1374 ab
1025 1309 1066 1374 iis
1086 1308 1210 1395 iaetnm
1231 1331 1298 1379 esse

112 1432 205 1507 dioit;
227 1433 254 1497 si
277 1432 361 1498 enim
386 1438 477 1517 pater
499 1430 545 1495 ita
568 1427 770 1508 mandasset,
795 1435 830 1493 ut
853 1429 877 1493 ii
899 1428 1083 1515 perhibent,
1108 1430 1233 1516 prolato
1256 1441 1300 1500 te-

112 1561 271 1619 stamento
300 1552 388 1625 omni
411 1550 546 1616 erimine
570 1548 706 1616 absoluti
728 1556 850 1628 essent,
874 1548 958 1635 qnod
980 1550 1213 1636 patrimonium
1235 1573 1299 1621 nou

111 1672 338 1760 elocassenttt.
386 1671 428 1739 Et
450 1678 619 1759 postquam
643 1671 835 1737 testimoniis
857 1671 890 1736 in
915 1691 949 1737 se
972 1680 1087 1737 mutuo
1109 1672 1201 1739 dietis
1222 1695 1295 1761 pro·

112 1793 200 1860 bavit
229 1794 292 1859 ista
323 1792 429 1859 omnia
460 1793 494 1857 in
524 1798 717 1859 testamento
746 1791 868 1878 scripta
895 1789 993 1858 inisse
1016 1793 1134 1859 iterum
1154 1791 1295 1861 affirmat

112 1923 237 2002 patrem
260 1933 357 1981 suum
380 1913 622 1998 ingravescente
646 1910 766 1988 morbo,
790 1930 865 1977 oum
889 1910 1160 1978 animadverteret
1181 1931 1217 1978 se
1235 1932 1301 1978 non

112 2053 301 2113 evasurum,
324 2034 505 2100 convocatis
524 2031 629 2099 tribus
648 2033 720 2098 istis
741 2052 820 2118 qnos
839 2039 962 2098 tutores
982 2034 1165 2120 scripsisset
1186 2040 1220 2099 et
1239 2031 1304 2099 ira·

114 2166 164 2223 tre
188 2157 326 2222 bemone
350 2174 425 2221 eum
449 2155 490 2219 iis
513 2153 669 2220 aooubare
693 2155 780 2219 iusso
802 2152 919 2220 liberos
942 2173 1017 2221 suos
1041 2154 1104 2220 iilis
1128 2155 1163 2219 iu
1188 2173 1304 2220 manus

113 2276 238 2343 dedisse
262 2286 294 2342 et
316 2274 485 2341 mandasse
508 2283 600 2340 utet
623 2274 854 2361 patrimonium
878 2273 1020 2342 locarent
1042 2283 1074 2342 et
1096 2275 1146 2341 rei
1169 2273 1303 2341 iamilia·

113 2400 160 2463 ris
181 2394 414 2465 conservandae
438 2393 601 2461 adiutores
624 2395 782 2483 essent5).

159 2515 321 2603 Quidquid
352 2516 385 2582 id
415 2523 481 2593 est,
504 2515 727 2582 Demosthenis
750 2516 979 2603 patrimonium
1003 2535 1067 2581 non
1088 2514 1231 2582 locatum
1253 2523 1299 2583 est

114 2637 335 2716 emtoribus,
368 2655 430 2722 qno
464 2635 585 2702 fantum
609 2644 658 2702 est
682 2645 718 2702 ut
742 2636 774 2701 in
799 2636 869 2701 eius
892 2635 1090 2702 orationibus
1115 2645 1230 2704 eontra
1250 2644 1302 2704 tn·

115 2769 201 2825 tores
227 2777 302 2822 suos
325 2731 382 2841 per
406 2763 506 2822 totam
530 2754 712 2822 huiusmodi
738 2755 1026 2823 administrationis
1047 2759 1208 2825 rationem
1232 2778 1306 2844 aga·

115 2897 202 2947 mur.
250 2877 338 2943 Hane
362 2883 462 2942 totam
486 2874 667 2967 describere
690 2896 752 2942 non
776 2877 880 2953 lubet;
904 2876 1083 2944 sedunum
1108 2878 1193 2944 iuris
1216 2879 1305 2945 attici

116 3000 303 3065 institutum
336 3017 375 3063 ex
407 3016 444 3064 ea
474 2995 589 3062 eiicere
620 3016 713 3082 posse
742 2995 824 3062 mibi
854 2996 974 3064 videor.
1021 2997 1100 3064 Lex
1128 2998 1305 3067 seilicet

116 3121 299 3185 iussisse
328 3116 499 3183 videtur
530 3123 714 3182 tutorem
743 3134 895 3183 eurare
927 3117 967 3182 in
995 3116 1151 3204 pupilli
1175 3120 1303 3205 patri·

118 3240 252 3306 monio
290 3234 649 3315 administrando,
680 3257 727 3303 ne
762 3256 862 3303 novo
897 3237 1069 3323 pignori
1104 3259 1303 3326 opponan-

116 3371 184 3427 tur
215 3378 286 3425 eae
317 3378 402 3436 res,
434 3376 540 3443 qnae
564 3357 641 3422 iam
665 3358 965 3444 oppigneratae
989 3360 1141 3425 suntin
1167 3360 1302 3448 pupilli

117 3479 443 3569 patrimonium
482 3476 566 3564 quod
607 3497 681 3544 oum
712 3484 801 3544 tutor
834 3477 938 3544 faeere
970 3477 1179 3564 neglexisset,
1208 3500 1300 3567 quam

118 3620 251 3688 poenam
276 3598 361 3684 leges
385 3599 559 3664 statuerint
583 3599 737 3664 nescitur.
784 3597 873 3680 Quod
897 3597 963 3663 dixi
987 3607 1119 3686 apparet
1141 3620 1180 3667 ex
1200 3600 1301 3668 hisee:

119 3721 269 3808 Aphobus
299 3717 451 3786 Moeriadi
482 3717 611 3784 cuidam
641 3719 834 3805 quingentas
857 3717 1027 3786 drachmas
1050 3717 1228 3790 foeneravit
1250 3741 1303 3811 pro

156 4027 187 4094 1)
205 4021 335 4077 Demosth.
351 4040 374 4076 o.
394 4021 493 4095 sphob.
512 4026 541 4090 1,
561 4043 586 4096 p.
597 4026 665 4094 826,
684 4027 761 4095 tto:
780 4027 810 4076 ἐν
828 4027 880 4096 γὰρ
897 4029 1016 4088 ductante
1031 4031 1187 4099 ἐγέγραπτο
1204 4028 1222 4079 ἃ
1240 4045 1306 4080 κατ-

122 4112 215 4163 έλιπεν
233 4111 246 4160 ὁ
262 4114 356 4179 πατὴρ
372 4111 465 4160 πάντα
482 4141 515 4149 -
533 4110 582 4160 καὶ
603 4114 651 4163 τὸν
666 4106 740 4168 οἷκον
760 4115 829 4175 ὅπως
845 4119 1035 4180 μισθώσουσιν.

155 4198 187 4267 2)
206 4193 223 4249 l.
243 4195 261 4249 l.
280 4197 295 4263 ᾗ
316 4198 360 4248 tn.

156 4289 187 4356 3)
206 4303 228 4338 o.
248 4283 346 4357 Aphob.
367 4287 406 4351 tl,
427 4304 450 4355 p.
462 4289 531 4352 835,
552 4288 567 4355 b
587 4291 612 4340 1.

157 4379 188 4446 4)
206 4372 268 4428 ibid.
290 4393 311 4446 p.
324 4374 393 4439 83⁷,
413 4374 427 4442 b
448 4377 473 4425 5.

156 4467 186 4537 5)
205 4462 266 4518 ibid.
286 4481 309 4536 p.
322 4465 388 4530 853,
409 4463 424 4533 ᾗ
443 4464 486 4516 28.
