2842 5018
759 255 798 315 74

179 435 389 523 dignissimus
418 443 466 502 est
494 437 548 522 qui
573 437 781 523 inspiciatur,
808 445 843 503 ut
868 448 954 504 recte
979 439 1180 527 intelligatur
1204 441 1283 528 quid
1307 443 1374 524 ἱερὰ

177 559 229 624 καὶ
261 555 329 624 ὅσιαι
358 555 560 642 significent:
587 566 659 623 »est
683 557 768 623 enim
794 565 1046 626 consentaneum
1069 559 1276 648 Astyphilum
1310 581 1371 628 non

176 677 270 742 modo
293 698 420 764 operam
442 677 595 743 daturum
616 675 734 756 luisse,
758 685 793 742 ut
814 676 953 764 aliquem
975 679 1037 745 sihi
1060 679 1161 746 lilium
1183 679 1371 769 adoptatum

176 797 391 884 relinqueret.
424 796 479 864 sed
511 798 608 862 etiam
631 805 667 862 ut
690 816 772 883 quae
796 817 853 884 per
877 806 1109 865 testamentum
1133 802 1372 879 constituisset,

177 937 214 982 ea
236 916 329 982 firma
354 924 386 983 et
408 924 480 981 rata
503 923 630 992 essent,
655 924 807 1002 atquem
832 916 894 982 sihi
919 917 1020 984 lilium
1045 919 1246 1006 adoptasset,
1272 929 1317 986 ut
1338 921 1371 986 is

177 1055 342 1122 quoque
373 1035 496 1101 honis
527 1036 619 1100 suis
649 1036 865 1121 potiretur
888 1036 935 1104 ad
959 1056 1142 1126 arasque
1165 1043 1370 1107 maiorum
1405 1082 1409 1090 ,

177 1155 408 1222 accederet
439 1156 581 1242 iisque
609 1165 649 1220 et
674 1155 758 1221 sihi
782 1157 872 1223 vita
895 1156 1103 1226 defuncto
1125 1160 1245 1226 iusta
1267 1159 1370 1227 face-

177 1275 277 1343 ret.''
869 1261 871 1267 ¹

223 1394 464 1480 Significatione
487 1394 713 1461 vocabulorum
738 1396 818 1462 hene
841 1406 1007 1483 perspecta
1031 1399 1179 1466 videmus
1206 1401 1293 1466 inter
1315 1401 1369 1467 Sc·

176 1515 258 1581 lonis
289 1515 392 1599 legem
424 1534 505 1601 quae
536 1513 576 1580 ah
610 1514 823 1602 Aristophane
852 1515 993 1582 traditur
1016 1526 1049 1583 et
1072 1519 1286 1586 recentiorem
1310 1519 1368 1585 llu-

176 1634 259 1701 elide
292 1635 447 1701 archonte
475 1635 690 1701 instauratam
725 1655 859 1721 prorsus
885 1634 965 1701 nihil
990 1637 1164 1714 interesse,
1189 1657 1265 1704 nam
1290 1658 1368 1724 quae

176 1755 231 1821 alii
253 1754 292 1820 de
316 1755 418 1820 sacris
441 1760 473 1819 et
497 1753 635 1840 puhlicis
656 1754 781 1821 iurihus
795 1755 820 1842 ¹)
844 1756 1088 1822 somniaverunt
1109 1765 1166 1822 aut
1185 1757 1225 1822 de
1246 1757 1368 1824 iuribus

173 1875 309 1962 privatis
339 1882 371 1939 et
402 1872 578 1961 puhlicis²)
612 1874 667 1939 vix
699 1873 795 1940 credo
827 1876 980 1961 cuiquam
1004 1875 1193 1963 persuaderi
1218 1896 1308 1963 posse
1330 1897 1367 1943 ea

175 1993 340 2061 vocabulis
361 1995 539 2076 ἀγχιστεία
562 1997 645 2076 ἱερῶν
668 1995 721 2059 unt
744 1995 830 2059 ὁσίων
855 1995 971 2061 inesse.

221 2114 400 2180 Nothcrum
424 2113 570 2179 condicio
594 2114 713 2199 igitur,
737 2112 822 2198 quod
845 2112 886 2178 ad
909 2114 960 2179 ius
984 2113 1217 2180 hereditarium
1238 2115 1368 2194 attinet,
1405 2157 1408 2162 -

176 2236 288 2322 quovis
317 2243 462 2320 tempore
493 2234 603 2300 eadem
635 2242 716 2300 crat.
765 2233 813 2298 Ex
845 2233 935 2300 honis
963 2233 1107 2320 paternis
1131 2242 1238 2300 tamen
1263 2234 1368 2322 aliqua

175 2375 250 2442 pars
274 2355 315 2419 iis
338 2351 541 2428 obveniebat;
566 2352 774 2438 Harpocratic
799 2351 868 2418 scil.
893 2359 925 2418 et
952 2361 1024 2439 post
1047 2352 1134 2420 hunc
1155 2352 1308 2442 Scidas³)
1329 2375 1369 2421 ex

175 2476 290 2564 Lysiae
314 2482 345 2541 et
369 2473 450 2538 lsaei
474 2470 649 2559 deperditis
672 2471 871 2539 orationihus
895 2472 1012 2539 docent
1035 2473 1142 2540 nothis
1165 2493 1205 2540 ex
1225 2475 1369 2561 paternis

175 2596 267 2662 honis
290 2592 361 2657 dari
382 2611 475 2678 posse
498 2610 662 2657 summum
686 2591 773 2656 mille
794 2591 981 2670 drachmas,
1002 2613 1086 2679 quae
1107 2601 1214 2660 tamen
1234 2613 1253 2658 a
1274 2593 1370 2660 scho-

175 2713 268 2779 liasta
300 2710 340 2777 ad
370 2709 616 2796 Aristophanem
628 2710 654 2798 ⁴)
677 2718 709 2776 et
732 2731 750 2776 a
775 2710 874 2777 Suida
897 2711 959 2777 alio
982 2711 1050 2778 loco
1073 2712 1160 2779 huno
1183 2713 1371 2780 descrihen-

174 2833 244 2921 te⁵)
277 2831 316 2897 ad
349 2832 542 2917 quingentas
565 2829 736 2896 drachmas
760 2832 964 2898 minuuntur.
1011 2831 1090 2898 Cum
1114 2852 1190 2899 verc
1210 2834 1245 2897 in
1270 2836 1370 2900 orati·

176 2953 291 3019 onibus
315 2948 544 3036 superstitibus
568 2948 692 3015 nullum
713 2948 772 3015 hac
794 2949 832 3014 de
853 2969 889 3016 rc
907 2950 1130 3017 testimonium
1150 2954 1370 3031 inveniamus

176 3073 340 3140 nescimus
366 3072 431 3136 utri
455 3069 535 3136 fides
555 3068 699 3135 hahenda
720 3070 779 3142 sit;
799 3072 869 3136 sine
889 3073 1106 3138 controversia
1125 3081 1234 3140 tamen
1253 3072 1370 3140 lexico

176 3191 291 3277 graphi
310 3189 396 3254 locos
416 3210 455 3256 ex
475 3188 657 3255 oratoribus
677 3188 894 3257 describentes
914 3189 976 3258 lide
994 3191 1158 3278 digniores
1176 3199 1255 3259 sunt
1272 3182 1368 3279 duam

174 3310 355 3376 scholiasta.

222 3430 262 3495 Ut
280 3447 378 3514 supra
400 3429 584 3493 rnonuimus
604 3427 743 3495 Pericles
762 3436 875 3495 auctor
896 3427 958 3495 luit
979 3429 1058 3516 legis
1070 3431 1177 3510 μόνους
1189 3433 1367 3508 Ἀθηναίους

177 3548 253 3617 sitae
284 3549 354 3623 τοὺς
385 3549 420 3613 ἐκ
452 3548 529 3613 δυοῖν
559 3549 727 3624 Ἀθηναίων
758 3548 929 3629 γεγονότας
942 3549 981 3638 ⁰).
1030 3551 1111 3617 Hinc
1140 3551 1242 3637 igitur
1267 3553 1369 3618 altera

175 3669 346 3736 nothorum
371 3668 482 3734 classis
505 3669 663 3755 originem
687 3669 793 3744 ducit3
819 3671 848 3735 ei
872 3671 958 3736 enim
981 3673 1036 3757 qui
1061 3691 1099 3738 ex
1127 3673 1198 3738 cive
1218 3674 1318 3740 attico
1337 3680 1369 3739 et

209 3965 239 4032 1)
259 3961 378 4026 ueritus,
399 3961 465 4035 legg.
486 3971 533 4016 att.
554 3983 577 4036 p.
589 3966 643 4017 att
659 3972 687 4015 et
706 3962 800 4037 Taplcr
819 3962 852 4016 ad
873 3967 929 4038 hys.
945 3983 971 4037 p.
982 3967 1044 4018 862.

209 4052 240 4120 2)
261 4054 290 4102 ll.
311 4049 462 4123 schelling,
483 4050 514 4103 de
530 4051 631 4105 Solonis
650 4052 716 4125 legg.
737 4052 805 4125 apud
826 4071 876 4108 orr.
896 4062 945 4107 att.
962 4074 986 4128 p.
997 4057 1041 4107 96.

210 4143 240 4210 3)
260 4148 371 4214 uterque
392 4159 414 4192 v.
433 4141 544 4194 rodata.
582 4139 619 4194 Cf.
639 4140 718 4194 etiam
740 4140 819 4197 cell.
838 4146 868 4199 Α.
889 4146 933 4198 Gr.
954 4164 976 4216 p.
988 4146 1058 4211 282,
1078 4148 1122 4197 18.

210 4231 240 4298 l)
260 4233 325 4283 Ares
344 4247 380 4282 vs.
401 4231 483 4282 1656.

209 4321 240 4389 5)
260 4336 284 4372 v.
304 4317 459 4385 ἐπίκληρος,

209 4407 238 4479 6)
258 4405 328 4462 Plut.
348 4406 438 4462 Pericl.
459 4409 510 4477 37,
531 4406 585 4461 hcl.
606 4412 635 4464 V.
656 4412 686 4463 ll.
706 4411 756 4477 Vl,
779 4413 827 4480 10,
846 4415 923 4480 xlll,
944 4413 988 4466 23.
1008 4410 1099 4466 Suldas
1118 4430 1141 4466 v.
1162 4409 1361 4479 δημοποίητος.
