2842 5018
657 295 717 358 155

81 479 312 542 testamentum
336 475 473 544 condere
498 479 640 564 potuisse
664 497 767 564 neque
786 475 953 562 adoptare,
974 473 1058 561 quod
1078 473 1163 560 apud
1183 471 1279 538 Attie-

79 596 208 661 nieuses
232 595 316 661 idem
341 604 405 672 est;
427 597 507 692 huic
529 599 630 681 igitur
651 596 861 663 interdictum
881 595 980 661 luisse
998 593 1128 659 uidetur
1147 592 1186 657 do
1205 591 1275 657 suis

78 712 286 781 facultatibus
306 717 482 804 quidquam
503 726 656 784 statuere.
694 716 777 798 Quid
796 723 903 782 autem
918 723 1185 799 consequeretur,
1197 729 1275 778 cum

79 840 171 918 pater
195 837 357 903 insaniens
381 859 399 903 a
424 838 488 903 filio
513 838 683 920 παρανοίας
704 844 876 904 accusatus
895 836 927 902 el
946 834 1093 901 iudicum
1113 832 1276 899 sententia·

78 952 250 1020 damnatus
274 966 374 1035 esset,
399 978 532 1043 prorsus
556 961 702 1025 nescitur
726 977 799 1023 nam
825 975 864 1021 ne
888 956 967 1021 satis
991 952 1122 1041 quidem
1146 957 1273 1018 constat

80 1092 156 1140 num
182 1076 340 1143 eiusmodi
364 1081 448 1144 actio
471 1079 633 1145 exstiterit
646 1079 683 1165 ¹).
1243 1077 1245 1081 ’

121 1194 305 1263 Cavendum
336 1205 386 1264 est
416 1208 524 1264 autem
558 1217 599 1263 ne
631 1217 670 1264 er
701 1196 869 1265 Aeschinis
900 1195 1007 1261 verbis
1020 1197 1046 1279 ²)
1080 1213 1162 1280 quae
1192 1200 1272 1258 tuuc

77 1315 173 1380 attuli
203 1323 325 1383 temere
349 1316 527 1382 efficiamus
550 1317 639 1383 senio
662 1315 845 1383 conlectum
869 1325 1000 1402 propter
1022 1313 1172 1379 delirium
1196 1331 1272 1378 oon·

76 1433 265 1502 demnatum
289 1456 364 1523 opes
387 1457 463 1503 suas
483 1437 578 1503 alteri
595 1437 843 1504 concedere.
891 1437 978 1501 lluas
996 1455 1050 1500 res
1068 1452 1273 1519 comparasse

74 1554 203 1622 videtur
226 1566 333 1622 orator
364 1576 446 1642 quae
478 1576 572 1643 pares
602 1576 664 1622 non
689 1565 781 1622 sunt:
807 1553 943 1642 populus
966 1554 1053 1620 enim
1075 1555 1182 1618 animo
1205 1551 1273 1618 ira·

75 1683 148 1740 ctus
181 1696 295 1742 nomen
329 1675 432 1742 solum
456 1675 684 1742 dominationis
707 1677 866 1753 retinere,
890 1695 944 1741 res
968 1677 1053 1760 ipsas
1077 1693 1152 1740 vero
1176 1672 1272 1738 alteri

29 1780 32 1784 λ
75 1797 270 1860 concessisse
302 1795 366 1860 dici
402 1803 506 1882 potest
538 1796 736 1870 rectissime;
759 1803 793 1860 at
817 1796 849 1858 in
875 1814 912 1859 eo
935 1794 991 1879 qui
1015 1802 1146 1878 propter
1168 1791 1271 1857 animi

75 1914 329 1979 imbecillitatem
355 1914 489 1980 alterius
507 1933 587 1980 cura
607 1914 730 1999 indiget
749 1914 842 1998 longe
861 1913 957 1978 aliter
977 1932 1046 1977 rem
1066 1931 1098 1976 se
1119 1910 1272 1977 hahuisse

75 2031 250 2097 verisimile
270 2040 333 2106 est;
354 2052 407 2098 res
425 2033 512 2118 ipsas
531 2032 654 2099 scilicet
674 2031 726 2097 hic
747 2033 879 2110 retinet,
897 2031 1135 2097 administratio
1146 2039 1179 2097 et
1190 2051 1271 2097 cura

75 2171 151 2218 vero
175 2151 268 2217 alteri
292 2151 492 2218 conceditur.
1211 2139 1215 2145 ⁴

120 2270 209 2338 Idem
232 2278 341 2337 orator
364 2271 426 2337 alio
449 2271 558 2361 looo³l
583 2271 765 2358 exemplum
790 2271 845 2338 dat
865 2269 1173 2346 administrationis:
1193 2290 1269 2336 nam

74 2390 408 2469 administrationem,
438 2412 500 2457 non
534 2392 667 2458 tutelam
700 2391 800 2459 luisse
830 2410 868 2457 ex
899 2392 937 2456 iis
961 2410 1043 2477 quae
1066 2391 1198 2457 iamiam
1222 2389 1270 2456 di·

75 2518 189 2576 cturus
234 2530 305 2576 sum
342 2510 541 2577 lucidissime
571 2511 761 2597 apparebit·
803 2509 949 2576 Arizelus
980 2509 1146 2576 Timarchi
1178 2517 1271 2594 pater

74 2630 155 2697 duos
175 2630 311 2697 habehat
330 2630 448 2697 iratres
467 2630 678 2718 Eupolemum
702 2638 734 2696 et
755 2631 963 2715 Arignotum‚
983 2649 1121 2716 quorum
1142 2630 1268 2714 primus

74 2749 154 2816 obiit
185 2750 380 2837 Eupolemus
411 2751 552 2817 nondum
585 2751 687 2817 diviso
710 2752 914 2837 patrimonio.
962 2751 1097 2837 Propter
1119 2751 1268 2835 Arignoti

72 2872 222 2937 morbum
245 2879 277 2936 et
298 2869 464 2936 oculorum
485 2870 702 2937 calamitatem
725 2870 869 2937 hrizelus
890 2890 1002 2936 omues
1021 2870 1190 2938 facultates
1204 2882 1267 2940 tra·

72 2991 180 3058 ctahat
204 2993 358 3075 Arignoto
381 2998 503 3056 certam
529 2990 697 3075 pecuniam
722 2992 904 3076 pensitans,
928 3009 1024 3075 quam
1050 2993 1079 3055 ei
1099 3011 1157 3076 pro
1178 2995 1268 3058 victu

73 3111 250 3177 ordinarat.
302 3110 339 3177 tu
370 3119 479 3175 autem
511 3109 657 3176 Arizelus
688 3109 786 3187 obiit,
817 3111 931 3195 primis
963 3109 1092 3196 quidem
1117 3113 1268 3198 tempori·

72 3231 147 3309 hus,
179 3230 255 3297 dum
291 3231 483 3297 Timarchus
514 3251 596 3318 puer
626 3238 712 3309 erat,
743 3231 898 3315 Arignoto
921 3231 960 3296 ah
984 3229 1080 3297 huius
1104 3233 1268 3300 tutoribus

72 3371 174 3439 aequa
204 3352 311 3417 omnia
334 3352 594 3438 praestabantur;
620 3351 812 3418 Timarchus
835 3371 911 3417 vero
934 3370 1030 3437 opum
1055 3371 1188 3419 suarum
1213 3353 1268 3420 do·

72 3475 182 3538 minus
210 3471 315 3538 factus
348 3471 477 3538 homine
511 3492 585 3538 sene
609 3481 641 3538 et
665 3472 852 3538 calamitoso
873 3491 973 3556 eoque
995 3480 1110 3556 patruo
1134 3492 1192 3538 suo
1215 3493 1267 3540 re-

73 3591 164 3679 pulso
187 3592 356 3659 facultates
380 3594 447 3680 ipse
471 3590 662 3678 disperdidit
685 3611 760 3657 suas
784 3610 887 3676 neque
909 3590 1063 3674 Arignoto
1082 3591 1122 3656 ad
1143 3593 1266 3660 victum

72 3714 254 3780 necessaria
278 3709 367 3778 dedit
386 3718 418 3776 et
437 3713 538 3776 tantis
557 3711 672 3797 opibus
691 3713 853 3798 privatum
874 3730 913 3776 ne
933 3729 1047 3795 passus
1066 3718 1115 3776 est
1135 3711 1266 3798 quidem

74 3853 191 3900 nomen
223 3834 309 3898 inter
341 3830 495 3897 invalidos
527 3829 614 3897 dare.
663 3832 806 3918 Denique
831 3850 904 3896 cunr
931 3849 1027 3895 senex
1051 3829 1266 3898 invalidorum

75 4001 284 4015 aunan-¹·—

110 4106 141 4172 1)
160 4101 193 4155 cf.
213 4120 291 4173 supra
312 4123 336 4175 p.
349 4106 415 4168 tto,
435 4121 471 4176 sq.

108 4194 139 4264 2)
160 4209 182 4244 c.
209 4193 275 4244 ctos.
299 4210 323 4263 p.
336 4195 383 4257 89,
408 4194 422 4259 §
444 4195 515 4246 251:
537 4190 550 4238 ὁ
571 4189 603 4240 δὲ
623 4190 709 4254 δῆμος
726 4190 754 4238 ἐν
773 4195 821 4254 τῆς
838 4189 961 4250 ἀθυμίας
978 4191 1032 4240 τῶν
1050 4190 1268 4258 συμβεβηκότων

72 4279 163 4346 ὥσπερ
188 4279 423 4348 παραγεγηρακὼς
440 4280 457 4343 ἢ
475 4279 629 4346 παρανοίας
647 4277 768 4334 ἑαλωκὼς
786 4277 855 4326 αὐτὸ
873 4276 957 4336 μόνον
974 4277 1096 4340 τοῦνομα
1113 4282 1162 4342 τῆς
1180 4278 1268 4342 δημα-

73 4362 190 4430 κρατίας
205 4368 407 4431 respectantem,
432 4362 485 4410 τῶν
505 4362 532 4410 d’
554 4361 637 4430 ἔργων
657 4360 760 4428 ἑτέροις
778 4361 1021 4429 παρακεχώρηκιν.

113 4448 143 4516 3)
163 4463 185 4500 c.
204 4445 270 4500 Tim.
291 4449 376 4520 pti,
397 4447 410 4514 d
432 4447 493 4499 102.

1093 4535 1129 4583 20
