2842 5018
731 247 770 307 14

152 438 298 497 mentum
332 447 465 495 uxorem
500 445 592 494 suam
630 426 814 493 Phormioni
848 427 987 494 elocasse
1023 427 1144 493 dieitur
1165 426 1203 513 ¹).
1256 427 1341 494 Haec

149 559 258 617 tamen
282 549 441 638 sponsalia
465 569 529 615 nou
553 548 708 625 valuisse,
733 550 796 614 nisi
821 549 1034 615 moribundus
1058 549 1126 634 ipse
1151 548 1261 615 uxoris
1285 549 1339 614 κύ-

149 695 206 752 ριος
237 668 369 746 suisset,
394 668 486 735 docet
509 667 719 754 Apollodorus
732 670 770 750 2).
818 669 907 735 Hane
930 669 970 735 oh
993 688 1123 735 causam
1146 687 1250 753 nequo
1275 666 1338 734 huc

148 789 226 856 iacit
256 789 381 855 Diodoti
406 789 694 876 testamcutum³),
719 791 774 874 qui
800 788 1024 866 maudaverat,
1048 790 1075 854 si
1099 770 1177 874 quid
1201 786 1262 852 sihi
1287 807 1338 854 ao·

148 910 297 988 uidisset,
324 908 431 975 dotem
457 909 552 975 unius
577 908 688 973 talenti
712 907 782 973 dari
806 910 899 974 uxori
926 918 957 975 et
980 929 1018 976 ea
1041 928 1123 994 quae
1147 908 1179 973 in
1204 906 1339 973 aedibus

146 1037 274 1108 esseut,
304 1025 416 1093 talenti
440 1046 566 1114 quoque
591 1027 696 1094 dotem
722 1027 805 1094 filiae
828 1048 915 1094 suae.
962 1026 1090 1093 Diodoti
1114 1027 1200 1093 enim
1226 1028 1337 1092 uxoris

145 1157 239 1236 pater
269 1148 418 1233 Diogitou
439 1147 537 1212 etiam
558 1155 630 1212 tum
651 1155 722 1213 erat
744 1149 829 1213 iuter
853 1149 957 1222 vivus;
982 1149 1091 1213 uxoris
1113 1147 1211 1229 κύριος
1236 1148 1337 1232 igitur

147 1289 210 1334 non
243 1274 312 1334 erat
342 1266 497 1332 Diodotus
526 1275 558 1332 et
588 1268 695 1353 potuit
726 1275 854 1333 tantum
884 1266 1038 1333 mandare
1061 1266 1101 1333 de
1125 1266 1215 1344 dote,
1237 1285 1336 1351 quarn

145 1409 185 1456 ex
216 1388 284 1453 suis
313 1386 520 1453 facultatibus
549 1385 661 1453 datum
684 1388 726 1452 iri
749 1386 875 1453 volebat
896 1386 1006 1452 tuturo
1030 1389 1139 1452 uxoris
1163 1406 1240 1453 suae
1265 1405 1334 1451 ma·

146 1510 230 1588 rito,
265 1506 345 1573 nihil
375 1526 450 1572 vero
480 1505 519 1571 de
547 1527 598 1585 eo,
630 1508 684 1572 cui
715 1527 785 1573 eam
817 1506 975 1574 elocatum
1006 1508 1048 1571 iri
1083 1505 1225 1584 volebat,
1247 1505 1333 1591 quod

146 1647 251 1714 neque
274 1626 363 1693 iecit.

191 1747 345 1835 Superest
375 1747 577 1814 utbreviter
600 1747 705 1814 dicam
730 1747 769 1814 dc
792 1747 854 1814 olio
875 1747 1014 1834 quodam
1038 1745 1255 1834 despondeudi
1278 1765 1334 1831 ge·

144 1888 232 1936 nere.
269 1868 490 1934 Proximus
514 1877 722 1953 cognatus
746 1867 921 1935 scilicet
944 1867 1125 1934 debebat
1148 1874 1222 1933 aut
1244 1867 1334 1952 ipse

144 1991 300 2056 ducere
332 1995 405 2053 aut
435 2008 526 2056 cum
557 1987 652 2055 dote
687 1987 855 2054 elocare
879 1988 1017 2054 filiam
1041 1987 1183 2054 orbam
1208 2007 1255 2054 ex
1280 1987 1333 2051 irr-

36 2171 38 2176 .
143 2108 245 2176 [ima
280 2109 436 2175 civium
470 2107 626 2187 classe,
662 2127 744 2194 quae
775 2109 873 2182 θῆσσα
904 2107 1082 2174 dicebatur.
1132 2107 1197 2174 Hoc
1221 2116 1330 2173 autem

143 2229 284 2296 officium
317 2227 357 2293 ah
390 2236 516 2293 oratore
532 2228 557 2315 ⁴)
582 2230 666 2294 iuter
690 2228 743 2293 illa
767 2236 978 2307 numeratur,
1003 2247 1087 2313 quae
1110 2228 1254 2313 cognatis
1278 2247 1331 2292 ne·

142 2350 281 2418 cessario
304 2356 380 2414 suut
403 2346 559 2414 facienda.
611 2348 668 2414 Ubi
692 2368 826 2434 agemus
846 2347 885 2413 de
904 2348 1031 2414 iuribus
1050 2349 1226 2433 coniugum
1246 2349 1332 2413 inter

141 2467 268 2556 sese5),
299 2467 377 2534 haeo
409 2467 459 2533 lex
482 2466 621 2553 amplius
644 2467 814 2534 tractanda
838 2469 916 2542 erit;
941 2487 1026 2534 nunc
1051 2488 1089 2533 ex
1114 2467 1265 2534 Terentio
1288 2468 1332 2534 le-

140 2591 224 2655 viter
248 2607 375 2654 summa
399 2588 469 2653 eius
494 2587 600 2672 capita
624 2590 800 2673 attingam
824 2586 876 2652 hic
901 2585 970 2653 soil.
993 2588 1024 2650 iu
1050 2586 1243 2654 Phormione
1256 2585 1300 2675 6);

230 2709 282 2775 lex
302 2714 408 2774 estut
428 2706 538 2784 orbae,
558 2707 615 2793 qui
635 2715 711 2773 suut
730 2724 848 2792 genere
866 2707 1034 2794 proxumi,
1054 2707 1094 2772 iis
1114 2706 1253 2785 nubant,

230 2837 262 2895 et
286 2827 356 2894 illos
380 2827 497 2894 ducere
520 2826 632 2894 eadem
655 2825 735 2893 haec
756 2827 808 2891 lex
831 2824 929 2892 iubet.

140 2949 210 3016 Alio
234 2956 342 3015 autem
365 2947 490 3035 loco⁷):

619 3085 732 3132 verum
757 3067 786 3131 si
810 3071 945 3150 cognata
968 3072 1018 3132 est
1043 3085 1194 3133 maxume

139 3209 204 3256 nou
227 3188 290 3255 fuit
313 3207 444 3255 necesse
466 3187 603 3254 habere:
630 3186 685 3254 sed
709 3187 742 3252 id
766 3179 854 3272 quod
875 3186 926 3252 lex
951 3186 1039 3253 iubet
1064 3186 1171 3253 dotem
1192 3187 1329 3265 daretis;

139 3316 311 3395 quaereret
335 3308 434 3374 alium
459 3308 576 3374 virum.

184 3429 319 3495 lamiam
360 3427 445 3493 ultro
474 3426 638 3514 progressi
668 3445 781 3492 sumus
805 3426 845 3492 ad
877 3425 1015 3493 alterum
1047 3428 1249 3494 matrimonii
1280 3430 1328 3496 iu·

139 3549 237 3616 eundi
268 3548 411 3616 modum.
458 3546 500 3612 Ut
530 3548 616 3614 enim
642 3567 759 3633 genere
784 3548 925 3634 proximi
949 3547 1106 3615 debebant
1130 3557 1186 3615 aut
1210 3548 1328 3617 ducere

174 3875 206 3945 1)
225 3869 356 3926 Demosth.
375 3888 421 3943 pro
439 3868 544 3924 Phorm.
563 3888 587 3940 p.
598 3872 668 3938 946,
689 3872 703 3939 ᾗ
724 3873 755 3937 8)
773 3866 806 3923 of.
825 3889 849 3943 p.
861 3871 930 3939 953,
951 3872 966 3941 β
985 3873 1021 3925 28
1040 3890 1094 3947 sqq.

174 3964 205 4034 ι)
225 3957 384 4031 [comesti]
403 3975 426 4014 a
443 3957 534 4031 soeph.
553 3961 595 4026 rr,
614 3978 639 4031 p.
650 3961 737 4024 1133,
757 3958 773 4027 o
793 3961 837 4012 ra.

175 4052 205 4122 3)
225 4053 282 4124 Lps.
304 4067 326 4103 c.
347 4047 440 4121 Diopit.
461 4049 565 4119 putto,
586 4048 601 4116 §
621 4049 648 4100 6.

175 4142 205 4209 4)
223 4136 385 4208 [Remeato]
401 4134 457 4190 adv.
478 4138 584 4190 Macart.
603 4155 627 4208 p.
638 4138 726 4205 1067,
746 4139 760 4207 ᾗ
781 4140 827 4193 53.

174 4231 206 4300 a)
224 4225 292 4282 infra
310 4225 356 4281 lib.
377 4230 408 4293 1,
428 4229 470 4291 ιι,
490 4227 517 4278 1.

175 4320 205 4388 a)
225 4320 252 4383 ι,
273 4320 304 4384 a,
326 4318 367 4370 aa.

175 4406 204 4478 a)
223 4409 263 4476 ιι,
283 4410 313 4474 1,
334 4406 384 4473 6⁵3
403 4402 435 4458 cf.
456 4407 495 4471 11,
516 4406 548 4470 a,
569 4405 611 4454 aa.
