2842 5018
750 278 792 341 66

165 436 265 529 'olum
298 479 428 529 uxorem
463 480 481 527 c
512 459 612 529 fratrc
640 459 787 530 Hierocle
810 461 982 547 occepisse.
1032 459 1122 542 Quod
1149 467 1257 530 erotem
1284 480 1373 530 soror

175 582 334 651 Hieroclis
357 601 432 648 cum
456 579 521 648 filio
545 580 677 668 porculo
700 581 733 647 in
758 581 833 651 uovi
857 583 966 651 mariti
990 581 1123 652 domum
1148 584 1294 660 venerit.
1317 583 1376 655 hcc

177 722 241 788 quo
263 701 357 768 modo
378 699 623 788 intelligendum
647 702 690 768 sit
712 701 873 789 explicere
897 701 1045 772 conabor.
1093 701 1231 772 Videtur
1252 711 1375 783 mater,

176 821 253 889 licei
276 822 387 889 mariti
410 821 542 889 domum
566 821 766 908 reliquisset,
795 842 908 892 curam
933 821 1021 891 filioli
1046 822 1140 892 elteri
1166 823 1299 895 tradere
1320 844 1373 893 uo-

175 941 278 1010 luisse
297 951 330 1008 et
349 941 521 1029 porculum
539 961 648 1012 secum
669 941 830 1012 habuisse.
867 943 1038 1011 Praeterea
1051 950 1160 1011 autem
1174 962 1213 1013 ex
1225 943 1376 1013 omnihus

179 1082 261 1149 quae
274 1061 392 1128 'Isaeus
411 1061 451 1128 de
470 1081 549 1129 cura
570 1069 603 1128 et
614 1060 835 1132 benevolentia
849 1061 1061 1148 Theophrasti
1073 1081 1149 1148 erge
1161 1061 1374 1151 Euthycratis

178 1181 282 1248 lilium
300 1165 479 1267 'filiamque
507 1189 619 1274 namet
646 1189 779 1269 apparet
811 1201 887 1250 eum
910 1181 1009 1252 huius
1033 1181 1208 1252 liberorum
1233 1189 1374 1252 tutorem

180 1299 298 1380 luiese,
323 1321 404 1388 quos
427 1303 529 1387 igitur
553 1320 616 1369 oon
637 1302 798 1370 miramur
821 1301 946 1369 ineius
967 1301 1100 1371 aedibus
1121 1285 1267 1387 degisse,
1290 1321 1375 1389 prae·

179 1421 293 1488 sertim
325 1430 494 1508 postquam
522 1421 733 1510 Eulhporotis
755 1421 887 1491 viduam
910 1422 1052 1491 duxerit.
1101 1421 1170 1503 Quo
1195 1421 1232 1492 de
1255 1431 1294 1488 ui
1317 1422 1374 1489 hoe

179 1539 324 1628 exemplo
358 1561 421 1608 nou
454 1549 620 1610 evertatur
643 1543 831 1612 institutum
856 1541 941 1629 quod
965 1542 1034 1613 dixi
1055 1543 1162 1613 valere
1187 1542 1227 1611 de
1250 1542 1376 1620 liberis,

112 1726 117 1734 ,
181 1681 256 1727 cum
280 1663 526 1731 matrimonium
550 1661 691 1729 solutum
715 1670 810 1731 esset.

226 1780 373 1848 Alterum
394 1782 577 1870 exemplum
598 1792 647 1850 est
666 1784 700 1850 lu
722 1783 865 1852 oratioue
885 1783 925 1850 de
944 1781 1124 1870 Apollodori
1139 1782 1321 1853 hereditate
1335 1785 1376 1868 ¹),

182 1902 238 1988 qui
258 1900 348 1970 locus
366 1908 475 1968 tamen
494 1921 532 1968 ea
553 1901 713 1969 medicine
733 1912 806 1988 eget
826 1922 923 1990 quam
945 1904 974 1972 ei
995 1904 1106 1972 attulit
1123 1903 1325 1972 Schoemauu
1339 1903 1376 1989 ¹).

182 2021 360 2110 Thrasylus
391 2029 540 2088 mortuus
573 2030 643 2094 eret
672 2022 862 2109 Apollodoro
895 2024 959 2092 lilio
989 2024 1118 2101 relicto,
1142 2024 1199 2110 qui
1223 2033 1376 2110 patruum

181 2140 371 2228 Eupolidem
405 2148 546 2209 tutorem
578 2150 694 2210 nectus
726 2151 793 2211 loru
825 2141 909 2212 male
939 2143 979 2211 ab
1008 2143 1068 2212 hoc
1094 2141 1224 2212 habitus
1247 2151 1319 2219 esi,
1343 2149 1397 2210 ut.

180 2262 232 2328 sui
264 2261 347 2327 iuris
379 2258 485 2330 iactus
515 2263 676 2331 actionem
708 2261 828 2332 tutelae
851 2261 935 2331 mole
958 2272 1068 2349 gestae
1091 2271 1207 2333 contra
1229 2281 1306 2331 eum
1331 2261 1375 2330 iu·

181 2381 343 2458 diluerit,
378 2401 441 2468 qua
477 2380 609 2468 Eupolis
645 2382 749 2452 trihus
784 2381 914 2452 talentis
945 2381 1104 2452 multatus
1134 2390 1196 2449 est.
1252 2382 1377 2451 Interea

179 2500 363 2589 Apollodori
386 2509 490 2568 mater
512 2509 668 2588 nupserat
689 2500 907 2578 Archedemo,
931 2502 987 2587 qui
1011 2502 1121 2572 uxoris
1145 2501 1248 2573 filium
1272 2503 1375 2571 curui·

181 2621 242 2687 hus
270 2622 391 2708 privari
420 2620 533 2687 videns
562 2640 637 2688 euru
668 2620 825 2689 educebat
856 2621 944 2689 παῖδ’
968 2620 1024 2691 ὄνθ’
1048 2626 1087 2696 cic
1111 2624 1221 2690 {coece
1243 2623 1296 2690 ecl
1322 2625 1377 2696 elo

182 2739 303 2823 μητέρα
326 2739 530 2820 κομισάμενος
554 2739 734 2828 puberique
757 2739 843 2808 lecto
865 2743 895 2810 ci
920 2751 1047 2828 praesto
1069 2750 1140 2811 eret
1164 2744 1196 2810 iu
1219 2760 1255 2808 ee
1275 2761 1378 2827 quam

182 2860 276 2927 modo
308 2858 448 2926 indicavi
479 2861 615 2928 actione.
662 2860 730 2929 lem
761 2870 857 2929 autea
883 2881 957 2930 cum
982 2863 1163 2930 narraverit
1186 2861 1296 2930 lsaeus
1320 2862 1377 2928 Ar·

182 2979 375 3048 elredamum
407 2979 538 3048 duxisse
570 2979 751 3067 Apollodori
782 2990 938 3059 matrem,
970 2981 1125 3069 explicari
1157 2982 1270 3068 nequit
1299 2981 1377 3067 quid

183 3099 270 3167 istud
301 3100 354 3167 secel
385 3102 440 3175 cicc
470 3099 591 3180 μητέρα
622 3100 828 3182 κομισάμενος
859 3101 919 3168 sibi
952 3101 1046 3176 velii;
1069 3100 1184 3170 deiude
1208 3103 1298 3169 παῖδ’
1323 3101 1376 3168 tot·

182 3223 221 3295 cic
255 3222 365 3287 ἑαυτοῦ
397 3239 454 3307 pro
486 3220 574 3287 παῖδ’
605 3218 661 3286 lot·
692 3224 732 3294 cle
755 3222 864 3289 §coece
888 3221 963 3291 herc
987 3221 1086 3311 (quod
1109 3222 1219 3291 atticis
1243 3219 1376 3291 ahrihus

184 3360 248 3408 nou
273 3347 400 3427 graium
427 3338 555 3427 fuisset)
580 3346 636 3408 aut
659 3343 698 3414 ec
722 3340 757 3418 ἐξ
780 3343 890 3409 ἑαυτοῦ
913 3327 1069 3422 cicestre
1095 3362 1211 3428 graece
1234 3341 1302 3409 dici
1325 3361 1376 3408 uc·

183 3463 270 3550 quit;
302 3462 334 3525 io
365 3458 484 3526 talibus
516 3461 601 3528 euim
632 3461 839 3548 perticipium
864 3461 939 3529 addi
963 3481 1094 3530 necesse
1117 3471 1178 3531 est.
1226 3462 1318 3529 lianc
1341 3461 1378 3528 ol

183 3600 316 3648 causam
341 3577 540 3647 Seiroemeuu
565 3580 703 3647 coniecit
726 3578 897 3666 legendum
921 3601 991 3648 esse
1014 3583 1102 3650 παῖδ’
1125 3581 1182 3650 led*
1207 3585 1247 3656 ὡς
1272 3585 1378 3649 ἑαυτὸν

182 3702 235 3768 ecl
267 3702 321 3775 sicu
354 3700 472 3781 μητέρα
503 3698 723 3778 κομισάμενος,
755 3701 775 3766 i.
806 3721 834 3767 e.
858 3700 1080 3768 Archedemus
1105 3700 1257 3790 Thrasyli
1281 3701 1376 3767 viduo

183 3821 280 3887 duola
312 3821 439 3886 curavit
464 3828 499 3885 ut
519 3819 746 3906 Apollodorus,
770 3821 827 3906 qui
852 3829 960 3898 antea,
983 3828 1021 3887 ut
1045 3821 1191 3900 videtur,
1216 3821 1303 3907 apud
1328 3831 1377 3887 tu·

183 3950 284 4007 torem
307 3939 507 4006 educabatur
527 3937 638 4004 sibiae
652 3941 747 4005 matri
760 3939 961 4010 redderetur.
1011 3942 1112 4009 Parva
1124 3941 1184 4007 hac
1198 3942 1376 4008 mutatione

183 4062 340 4127 sermonis
364 4061 534 4127 sinceritas
558 4069 707 4127 servatur
731 4080 833 4147 neque
854 4064 900 4128 sio
925 4063 988 4130 iuri
1014 4062 1113 4131 attico
1133 4065 1182 4130 vis
1203 4062 1267 4130 ulla
1288 4061 1377 4131 aller·

189 4241 387 4256 μ-

218 4357 247 4424 1)
268 4357 300 4406 ls.
321 4355 410 4424 pes,
430 4353 443 4421 p
465 4355 488 4404 7.

217 4445 247 4513 2)
268 4441 299 4496 ed
320 4445 439 4509 leucum,
458 4460 482 4515 p.
495 4444 557 4497 361.

386 4773 400 4805 Ι
