2842 5018
749 269 790 330 44

182 461 220 518 ut
250 453 392 540 quinque
422 454 530 520 minae
561 451 664 519 iactae
695 453 761 516 sint
784 451 906 517 decem.
957 450 1184 537 Posidippum,
1208 452 1265 536 qui
1289 451 1374 516 eirea

181 571 267 638 idem
293 581 419 658 tempus
442 573 570 653 floruit,
603 572 700 638 etiam
726 580 795 637 tum
822 573 965 657 quinque
990 572 1095 637 minas
1118 589 1373 637 commemorare

180 692 338 765 vidimus:
362 692 445 759 bane
468 695 569 778 igitur
593 693 803 758 mutationem
828 699 885 756 aut
909 691 1077 778 Posidippo
1102 691 1245 776 ignotam
1270 689 1371 757 fuisse

181 812 377 878 censendum
402 822 450 879 est
474 821 531 878 eut
554 813 803 897 grammaticum
828 811 998 876 erravisse.

228 931 311 999 Sunt
341 932 477 999 fortasse
505 933 560 1019 qui
594 940 747 998 censeant
777 949 815 996 ex
857 931 925 1016 ipso
947 929 1101 996 classium
1127 931 1255 995 nornine
1280 949 1373 1015 argu·

182 1060 328 1118 mentum
362 1053 427 1138 peti
459 1073 569 1139 posse,
602 1073 665 1138 quo
697 1052 937 1117 demonstretur
969 1050 1052 1115 bane
1083 1049 1185 1135 legem
1218 1049 1373 1116 aSolone

181 1173 369 1237 institutum
401 1192 472 1239 esse
494 1181 551 1239 aut
574 1172 685 1239 saitem
711 1180 786 1238 ante
811 1171 1006 1246 Aristidem,
1032 1190 1106 1236 eum
1132 1170 1229 1235 buius
1251 1171 1371 1236 summi

181 1292 244 1356 viri
278 1298 421 1379 tempore
455 1291 630 1359 devastatis
662 1312 680 1357 a
708 1293 882 1357 Persarum
906 1290 1051 1355 exercitu
1074 1289 1223 1371 omnibus
1248 1290 1374 1355 Atticae

182 1411 329 1497 partibus
348 1411 471 1480 fractae
489 1421 522 1479 et
540 1413 671 1480 attritae
691 1419 799 1478 essent
819 1410 1034 1496 plurimorum
1058 1411 1265 1496 optimatium
1287 1428 1374 1497 opes,

181 1540 214 1598 et
245 1531 299 1597 alii
331 1541 445 1598 tenues
469 1539 562 1598 antea
587 1539 618 1598 et
642 1532 833 1615 exiguorum
860 1538 916 1595 aut
941 1529 1104 1595 nullorum
1128 1548 1281 1615 agrorum
1308 1549 1374 1616 pos·

181 1664 321 1718 sessores
353 1651 464 1717 beltioa
499 1650 617 1738 praeda
641 1651 825 1737 locupletati
850 1657 958 1716 essent
973 1651 998 1737 ¹)
1025 1669 1083 1715 nee
1108 1648 1247 1736 amplius
1272 1649 1375 1715 thetes

181 1773 298 1838 eximie
318 1779 426 1838 essent
444 1791 612 1858 pauperes.
660 1771 817 1857 Equidem
839 1791 902 1835 non
916 1770 1068 1837 adversor
1081 1788 1193 1835 eorum
1215 1771 1374 1856 opinioni,

181 1889 355 1956 dummodo
376 1909 414 1955 ne
434 1910 531 1976 cogar
550 1910 661 1956 eorum
679 1891 952 1975 argumentationi
966 1889 1134 1956 adsentiri.
1171 1890 1377 1956 Meminerint

180 2011 268 2077 enim
299 2010 377 2077 haee
409 2009 577 2082 classium¹
594 2011 723 2075 uomina
756 2029 858 2095 usque
886 2009 926 2075 ad
949 2009 1161 2075 Nausiuicum
1186 2008 1376 2075 anebontem

182 2130 236 2219 (ol.
260 2129 302 2208 C,
328 2131 362 2216 5)
388 2128 598 2215 perdurasse,
621 2129 697 2195 lieet
721 2149 878 2196 censuum
906 2114 1080 2216 descriptio
1103 2129 1168 2196 iam
1192 2137 1268 2195 ante
1292 2127 1377 2196 baud

182 2249 278 2315 dubie
300 2247 436 2314 subinde
460 2257 585 2315 mutata
608 2257 692 2315 esset
705 2250 743 2336 ²).

144 2412 145 2416 =
228 2370 320 2436 Aetio
343 2387 425 2454 quae
449 2369 603 2434 extremis
627 2368 723 2434 huius
748 2368 827 2454 legis
853 2367 1015 2434 vocabulis
1039 2368 1201 2435 indicatur
1225 2376 1296 2436 eret
1321 2394 1377 2436 ee·

182 2488 353 2575 xdreor4³).

225 2610 305 2676 Dote
336 2607 410 2674 data
442 2616 475 2674 et
495 2618 626 2696 accepte
650 2630 668 2676 a
692 2630 808 2697 sponso
832 2610 884 2676 bie
910 2629 1058 2696 sponsam
1083 2609 1202 2675 ducere
1224 2608 1377 2687 debebat,

182 2729 268 2816 quod
301 2728 365 2794 nisi
392 2727 513 2796 faceret
537 2728 587 2794 lex
612 2750 684 2796 enm
709 2729 838 2796 iubebat
862 2729 968 2795 dotem
993 2730 1042 2794 ἐπ’
1067 2729 1153 2795 ἐννέα
1176 2731 1293 2810 ὀβολοῖς
1319 2727 1379 2795 de-

180 2849 314 2937 heret),
338 2849 359 2912 i.
375 2868 401 2913 e.
426 2847 530 2933 quoad
554 2868 623 2914 eam
648 2869 711 2914 uon
736 2849 889 2915 reddebat
909 2850 939 2915 ei
960 2848 1101 2915 solvendi
1122 2856 1215 2915 erant
1238 2855 1376 2934 quotan-

180 2971 231 3037 nis
266 2975 307 3036 18
336 2968 420 3033 oboti
452 2989 509 3054 pro
540 2970 685 3036 centenis
718 2969 838 3048 obotts,
872 2989 955 3056 quae
991 2989 1088 3036 usura
1121 2967 1213 3035 solita
1242 2967 1377 3034 dimidio

75 3120 77 3125 ·
180 3091 284 3156 maior
314 3098 396 3155 erat.
446 3090 487 3153 At
521 3099 557 3154 ut
588 3090 615 3154 is
647 3091 703 3175 qui
737 3089 842 3154 dotem
877 3088 1007 3154 dederat
1039 3087 1173 3154 haberet
1204 3087 1291 3153 unde
1316 3087 1376 3153 sibi

179 3212 357 3296 reciperet,
392 3208 420 3272 si
452 3186 659 3273 matrimonio
694 3207 798 3274 soluto
822 3207 927 3275 dotem
950 3207 989 3273 ad
1015 3227 1048 3274 se
1072 3208 1192 3274 reverti
1215 3215 1376 3293 oporteret

179 3337 212 3397 et
235 3328 373 3394 maritus
397 3334 452 3392 aut
476 3326 546 3392 eius
570 3326 704 3393 heredes
724 3347 794 3393 eam
816 3327 950 3394 reddere
972 3337 1143 3413 negarent,
1163 3347 1303 3414 sponsus
1322 3327 1374 3394 eui

178 3448 236 3516 dos
259 3447 379 3514 tradita
404 3454 472 3512 erat
496 3446 614 3532 pignus
638 3455 802 3533 praestare
828 3447 958 3515 solebat.

224 3568 307 3633 Dare
338 3566 457 3652 pignus
488 3566 648 3644 ἁποτιμῖιν
681 3566 856 3656 dieitur⁵);
881 3568 915 3633 in
939 3569 1043 3634 ouius
1060 3568 1198 3653 gratiam
1222 3586 1261 3633 ee
1284 3568 1372 3657 oppi-

164 3685 324 3774 ‘gneratio
348 3683 401 3761 fit,
433 3685 461 3749 is
495 3687 715 3764 ἀπετιμήσατο
728 3687 776 3774 ⁶),
802 3686 878 3753 dum
904 3707 956 3754 res
978 3688 1048 3774 ipsa
1072 3687 1250 3767 ὥπετιμήθη
1264 3686 1292 3775 ⁷)
1317 3693 1372 3752 aut

177 3810 382 3826 m

213 3892 243 3958 1)
263 3886 381 3942 Seboem.
401 3886 482 3960 antiq.
502 3886 551 3939 iur.
572 3885 645 3959 publ,
665 3891 725 3953 Gn,
748 3907 770 3959 p.
782 3891 844 3941 179.

211 3979 242 4047 2)
262 3975 325 4029 ibid.
346 3995 371 4048 p.
383 3979 445 4029 321.

211 4067 242 4134 3)
262 4062 294 4118 of.
315 4063 390 4117 bieier
410 4072 437 4117 et
455 4061 585 4130 Seboem.‚
606 4063 652 4117 der
668 4072 716 4116 ott.
736 4082 802 4137 proc.
824 4084 847 4138 p.
860 4068 922 4118 293.

212 4155 241 4223 4)
261 4151 391 4206 Demostb.
413 4171 434 4206 e.
457 4150 555 4224 Apbob.
576 4157 606 4220 1,
626 4172 650 4225 p.
663 4155 732 4220 810,
753 4155 767 4223 d
791 4156 836 4206 17.

212 4246 242 4312 5)
263 4243 392 4296 Demostb.
413 4242 468 4296 adv.
489 4241 569 4314 Spud.
592 4261 614 4314 p.
626 4245 713 4309 1030,
735 4244 749 4310 p
771 4245 794 4296 7.

211 4333 241 4400 6)
261 4329 324 4384 ibid.
345 4352 369 4404 p.
381 4334 471 4398 1029,
492 4333 506 4400 §
527 4335 552 4384 5.

210 4422 239 4491 7)
258 4418 321 4477 ibid.
342 4441 366 4495 p.
380 4424 466 4489 1030,
489 4421 502 4489 d
524 4423 572 4488 10,
597 4417 654 4475 adv.
675 4423 750 4474 onet.
772 4425 800 4489 Ι,
822 4426 924 4494 pets,
945 4425 958 4493 §
982 4427 1007 4478 ’1.
