2842 5018
748 274 789 336 to

218 454 300 523 llum
324 454 485 535 ἐπιγαμία
508 456 552 522 sit
577 455 645 534 ius,
665 476 732 542 ,quo
752 459 876 522 iustum
898 456 1141 524 matrimonium
1159 458 1366 526 contrahitur

174 577 261 643 inter
284 578 369 644 cives
392 577 530 643 duarum
553 576 723 641 civitatum
744 582 801 641 aut
817 576 906 641 inter
926 576 1084 663 singulos,
1107 579 1162 664 qui
1183 579 1270 645 cives
1287 577 1365 645 lacti

172 705 249 764 sunt
278 706 312 763 et
341 717 410 774 eos,
441 696 497 782 qui
522 696 685 762 civitatem
709 703 955 774 concesserunt,
979 716 1043 792 non
1062 697 1174 763 dubito
1197 697 1362 765 affirmare

172 826 205 885 et
236 818 299 884 civi
333 817 402 884 eius
435 816 593 895 civitatis,
624 835 705 902 quae
736 816 933 882 connubium
966 816 1122 896 dedisset,
1146 818 1278 884 licuisse
1302 818 1365 884 sibi

171 937 334 1004 exaltem
357 937 489 1003 civitate
510 936 681 1021 coniugem
705 943 813 1022 petere
829 942 868 1003 ‘et
891 935 989 1002 huius
1012 938 1153 1004 civitatis
1179 938 1242 1003 civi
1266 958 1304 1004 ex
1324 958 1363 1005 ea

173 1059 318 1135 civitate,
350 1075 432 1143 quae
463 1056 515 1122 ius
542 1055 695 1122 connubii
718 1056 907 1135 tribuisset,
932 1064 1116 1122 attentum
1141 1059 1174 1122 in
1199 1057 1260 1124 hac
1283 1059 1364 1123 oiri·

172 1186 251 1246 tate.
300 1175 390 1258 Quod
415 1175 481 1242 dixi
504 1175 650 1262 exemplo
673 1175 857 1242 illustrabo:
883 1196 997 1243 censeo
1019 1177 1172 1256 Athenis,
1191 1185 1364 1264 postquam

174 1297 335 1364 Thebanis
356 1295 552 1362 connubium
576 1296 688 1362 datum
715 1294 831 1372 luerit,
855 1295 988 1362 licuisse
1007 1296 1070 1363 civi
1094 1296 1232 1363 thebano
1253 1299 1366 1364 matri·

171 1419 317 1484 monium
339 1417 423 1482 inire
444 1435 519 1482 cum
544 1416 613 1482 cive
633 1417 731 1482 attica
755 1423 787 1482 ct
811 1417 874 1482 ciui
898 1418 997 1484 attico
1017 1436 1090 1483 cum
1116 1419 1185 1484 cire
1208 1417 1364 1495 thebana,

121 1613 124 1620 ,
171 1557 233 1603 non
258 1555 333 1603 uero
358 1535 486 1603 Thebis.

218 1657 299 1722 Hinc
331 1658 480 1743 sequitur
510 1657 693 1742 quaesitum
725 1675 794 1723 esse
822 1675 842 1721 a
865 1656 978 1723 multis
1001 1656 1142 1724 fueritne
1165 1658 1364 1726 connubium

172 1797 300 1864 semper
318 1777 461 1842 vicissim
484 1775 613 1851 daturn;
633 1795 696 1863 qua
717 1776 756 1842 de
777 1796 811 1843 re
832 1776 912 1842 nihil
930 1779 1013 1844 certi
1033 1780 1132 1844 statui
1150 1786 1273 1864 potest,
1286 1799 1362 1846 nam

171 1899 380 1984 antiquorum
413 1898 595 1963 testimonia
627 1896 707 1962 nihil
739 1917 797 1963 nos
821 1897 946 1965 docent.
990 1898 1121 1964 Constat
1138 1899 1362 1969 Euhodnsibus

170 2018 278 2084 datam
318 2038 389 2083 esse
427 2016 619 2096 ἐπιγαμίαν,
651 2025 683 2084 et
710 2016 824 2104 Lysias
836 2017 862 2104 ¹)
893 2017 977 2084 hanc
1000 2036 1251 2086 commemorare
1275 2018 1363 2085 vide·

172 2145 225 2204 tur
249 2145 286 2204 ut
309 2136 456 2203 ostendat
482 2136 696 2203 Athenienses
719 2157 846 2222 semper
865 2157 997 2203 curasse
1021 2158 1061 2204 ne
1085 2140 1206 2204 civium
1226 2159 1362 2205 suorum

171 2274 327 2324 numerus
351 2257 612 2323 imminueretur.
662 2254 866 2322 Gonnubium
894 2266 1044 2323 mutuum
1067 2266 1175 2324 autem
1199 2258 1233 2323 id
1258 2261 1364 2324 ricmi-

169 2377 312 2444 nandum
340 2385 403 2455 cst,
434 2378 504 2464 quo'
526 2376 620 2442 liberi
643 2377 712 2442 nati
736 2397 773 2442 ex
796 2378 920 2463 nuptiis
944 2378 1062 2444 civium
1087 2379 1226 2445 duarum
1251 2381 1362 2446 civita·

171 2507 240 2564 tum
271 2499 435 2563 civitatem
468 2497 572 2582 patris
602 2504 799 2582 sequuntur,
831 2516 905 2561 nam
937 2499 995 2583 qui
1025 2518 1065 2564 ex
1095 2501 1164 2565 cive
1202 2501 1301 2566 attica
1327 2507 1363 2566 et

167 2617 354 2705 peregrino,
378 2617 432 2682 oui
458 2615 568 2682 datum
594 2625 677 2682 esset
701 2615 915 2695 connubium,
941 2619 1008 2683 nati
1032 2626 1158 2694 essent,
1183 2629 1364 2687 nouerant

168 2737 396 2810 Atheniensem
420 2736 621 2803 Plataeeuses
644 2736 749 2812 enim,
775 2736 814 2803 de
837 2736 954 2822 quibus
979 2737 1067 2804 brevi
1087 2748 1182 2806 antea
1201 2739 1361 2816 dixi,non

168 2857 307 2924 habendi
338 2865 414 2923 sunt
444 2856 667 2924 Athenienses.
725 2856 758 2922 st
791 2858 892 2942 igitur
915 2865 963 2924 tot
984 2859 1171 2927 Euboenses
1193 2859 1364 2926 duxissent

167 2979 310 3063 virgines
333 2976 550 3053 athenienses,
573 2985 651 3062 quot
673 2978 759 3043 cives
783 2978 874 3043 attici
900 2979 1041 3064 virgines
1065 2999 1103 3044 ex
1127 2979 1274 3058 Euboea,
1295 2983 1363 3046 ε’πι·

167 3100 277 3179 γαμία
301 3105 417 3164 mutua
443 3117 594 3163 concessa
614 3117 673 3163 nec
692 3096 730 3162 ad
752 3098 935 3183 augendum
957 3118 1016 3165 nec
1037 3099 1078 3165 ad
1099 3100 1360 3167 imminuendum

169 3218 290 3284 civium
323 3237 495 3311 numerum
529 3217 705 3303 quidquam
731 3218 869 3285 valuisse
892 3217 1068 3287 videretur.
1117 3219 1173 3286 Sin
1197 3243 1275 3288 vero
1297 3230 1362 3289 sta·

168 3339 324 3405 tuendum
350 3346 397 3404 est
421 3339 597 3417 ἐπιγαμίαν
621 3359 637 3404 a
664 3339 738 3404 solis
763 3339 1013 3405 Atheniensibus
1034 3360 1219 3406 concessam
1241 3341 1360 3419 titisse,

167 3461 200 3525 in
225 3459 311 3525 hunc
332 3467 442 3524 tamen
463 3458 592 3525 mudum
617 3467 652 3524 ut
671 3459 763 3525 liberi
787 3479 825 3524 ex
848 3461 917 3528 eive
939 3462 1037 3526 attico
1055 3470 1087 3526 et
1107 3461 1239 3526 euboico
1261 3481 1361 3528 uxore

167 3581 236 3646 nati
265 3578 475 3646 Athenienses
505 3588 631 3656 essent,
663 3597 819 3645 numerus
842 3579 961 3646 civium
986 3600 1049 3645 non
1073 3582 1177 3666 magis
1200 3589 1359 3666 augetur,

168 3700 230 3765 nisi
263 3707 386 3764 statuas
418 3698 646 3778 Athenienses
680 3701 736 3785 qui
768 3699 800 3763 in
833 3708 996 3785 posterum
1028 3700 1178 3768 euboicas
1202 3701 1359 3767 ducerent

166 3839 299 3896 uxores,
334 3817 394 3884 hac
425 3818 587 3885 libertate·
603 3838 667 3884 non
697 3839 847 3885 concessa
872 3820 1002 3885 omnino
1026 3821 1271 3886 matrimonium
1298 3822 1359 3886 ini·

165 3947 257 4004 turos
281 3959 343 4004 non
369 3937 487 4016 inisse,
508 3946 564 4004 aut
585 3938 682 4004 simul
702 3959 802 4004 nouae
822 3938 901 4023 legis
922 3940 986 4003 vim
1007 3941 1108 4006 etiam
1129 3939 1170 4005 ad
1190 3941 1359 4026 superiora

165 4057 332 4134 calendae,
357 4064 393 4123 ut
417 4057 440 4122 ii
461 4055 573 4133 liberi,
592 4057 649 4143 qui
667 4065 835 4124 tumcunr
853 4060 1028 4138 ἐπιγαμίας
1053 4059 1103 4126 lex
1128 4059 1269 4126 ferretur
1292 4062 1357 4127 iam

165 4178 313 4245 adessent
335 4178 402 4243 nati
421 4196 459 4243 ex
479 4177 548 4242 cive
569 4178 667 4242 attico
687 4177 886 4258 etenheim,
908 4180 995 4247 cives
1016 4181 1169 4247 continuo
1190 4181 1281 4248 attici
1302 4179 1358 4247 be·

163 4351 363 4364 —w

202 4463 230 4531 1)
250 4457 320 4525 brrip
338 4461 388 4522 τῆς
404 4457 560 4527 πολιτείας,
582 4479 605 4533 p.
615 4462 681 4529 919,
703 4463 717 4528 ᾗ
739 4464 764 4516 3.
