2842 5018
681 268 744 332 103

158 450 231 543 Ipso
252 451 350 520 buius
370 452 608 538 disquisitionis
628 451 721 519 initio
741 450 928 520 difficillima
949 453 1054 520 oritur
1074 458 1305 530 controversiat

114 578 149 643 in
168 573 390 664 superioribus
414 581 546 640 auctore
571 571 792 639 Schoemanno
821 571 1035 661 explicuimus
1054 577 1111 661 qui
1127 575 1304 644 Euctemon

111 696 216 763 tilium
248 695 383 761 nothum
415 695 447 759 in
479 693 659 781 phratriam
694 692 847 760 iuducere
878 695 1076 782 potuerit¹);
1107 705 1207 763 restat
1231 719 1306 765 vero

111 817 251 883 Montius
285 836 324 882 ex
362 813 583 882 Demosthenis
618 815 762 881 oratione
797 813 869 882 adv.
906 816 1077 895 Boeotum,
1113 819 1169 905 qui
1204 820 1306 885 multo

111 938 249 1004 maiores
280 935 373 1002 nobis
405 934 611 1001 difficultates
642 933 794 1020 praebet,
819 935 853 1000 iu
877 936 996 1021 quibus
1018 937 1245 1018 enucleandis,
1268 949 1305 1006 ut

111 1058 217 1124 tutius
249 1076 400 1143 agamus,
432 1056 515 1121 iuris
536 1056 629 1121 attici
651 1055 802 1121 instituta
827 1056 979 1122 nonnulla
1001 1056 1144 1124 breviter
1165 1079 1304 1126 comme·

112 1177 267 1245 meranda
297 1185 386 1243 sunt.
434 1176 475 1242 Ut
506 1175 647 1241 vidimus
670 1176 800 1240 nonnisi
822 1177 980 1262 genuinos
1002 1176 1119 1244 liberos
1141 1179 1306 1266 pbratniac

112 1297 231 1365 tabulis
255 1296 387 1363 inscribi
411 1313 521 1381 posse,
543 1295 589 1360 ita
609 1295 680 1360 iure
699 1294 799 1360 attico
821 1304 929 1381 pater,
951 1298 1008 1382 qui
1027 1297 1145 1365 liberos
1163 1319 1238 1366 suos
1258 1301 1305 1366 eis

114 1418 232 1485 tabuiis
255 1415 388 1483 inscribi
413 1435 474 1480 nou
500 1414 699 1493 curavisset,
725 1414 786 1480 hoc
810 1416 878 1503 ipso
903 1417 1060 1503 arguebat
1082 1439 1136 1485 eos
1160 1417 1304 1505 legitimo

112 1537 210 1605 modo¹
238 1545 330 1604 natos
358 1555 421 1602 non
445 1555 528 1603 esse.
575 1533 721 1622 Pyrrhus
734 1533 761 1622 2)
785 1555 814 1604 e.
840 1556 872 1622 g.
896 1535 994 1604 filiam
1019 1549 1244 1626 procreaverat
1267 1560 1305 1607 cx

112 1658 306 1732 concubina;
340 1655 424 1722 banc
455 1655 669 1722 concubinam
692 1675 757 1721 uon
782 1676 914 1724 cruorem
937 1657 1037 1724 fuisse
1060 1667 1169 1726 orator·
1192 1681 1229 1727 eo
1253 1661 1307 1727 de..

111 1787 289 1854 monstrat,
321 1775 406 1862 quod
438 1795 475 1841 cx
501 1795 539 1841 ea
563 1783 638 1840 nata
662 1773 728 1840 filia
752 1776 786 1839 in
809 1773 989 1862 phratriam
1014 1777 1146 1845 inducta
1170 1800 1233 1845 non
1257 1800 1305 1846 es·

112 1907 174 1963 set.
223 1894 432 1979 Apollodorus
445 1894 469 1980 ³)
490 1893 551 1959 boc
570 1913 698 1979 quoqne
718 1893 875 1959 iudicium
896 1896 975 1961 iusti
993 1898 1193 1963 matrimonii
1211 1897 1305 1978 dicit,

115 2015 165 2081 »si
196 2015 270 2100 quis
292 2012 408 2078 liberos
432 2013 568 2098 suscipit
591 2020 624 2078 et
647 2032 722 2078 cum
747 2009 788 2078 ad
811 2012 980 2098 phrateras
1003 2023 1074 2081 tum
1099 2015 1139 2081 ad
1162 2016 1306 2085 demutas

116 2134 242 2200 inducit
286 2132 384 2210 iiiios,
428 2130 510 2196 tiiias
544 2139 652 2197 autem
690 2140 853 2220 tamquam
889 2153 966 2201 suas
999 2143 1137 2222 nuptum
1170 2137 1307 2205 clocat.”

115 2255 223 2320 Etiam
245 2253 326 2318 filias
347 2251 385 2317 ad
407 2250 575 2337 phrateras
595 2250 795 2319 inducendas
813 2273 885 2320 esse
905 2253 990 2321 inira
1007 2255 1200 2329 videbimus.
1248 2259 1305 2326 De·

115 2377 212 2462 nique
232 2371 506 2440 reminiscendum
527 2380 576 2438 est
588 2372 836 2440 concubinatum
851 2374 921 2440 iure
934 2375 1033 2442 attico
1045 2378 1304 2447 coniunctionem

113 2495 212 2561 tuisse
234 2492 359 2578 legibus
381 2490 576 2578 descriptam
589 2492 616 2580 ⁴)
640 2499 674 2558 et
696 2491 813 2560 liberos
834 2514 873 2561 ex
896 2495 1054 2563 eiusmodi
1079 2499 1305 2566 coniunctione

113 2623 297 2702 procreatos
321 2613 436 2678 matris
457 2612 678 2680 condicionem
701 2621 830 2680 secutos
852 2615 973 2704 esse⁵).

159 2736 243 2801 Haec
269 2734 406 2800 firmiter
429 2740 576 2799 tenentes
598 2735 759 2801 orationes
782 2734 937 2803 adversus
958 2737 1109 2804 Boeotum
1125 2737 1152 2826 θ)
1172 2737 1305 2826 diiigen-

113 2925 161 2993 da3
191 2931 321 2997 praeterea
347 2918 496 2974 Athenaeus
521 2921 568 2989 (V,
594 2923 627 2988 2,
654 2924 744 2992 p.185
763 2923 798 2992 Δ)
818 2923 954 2988 ςρατρικὰ
979 2920 1082 2971 δεῖπνα
1109 2937 1304 2982 commemorat,

113 3014 179 3086 Quis
197 3011 262 3067 serio
277 3012 304 3064 in
327 3010 446 3064 animum
464 3008 572 3063 inducat
591 3027 636 3082 pro
655 3009 844 3077 φρατρίαρχος
862 3009 1001 3063 rescribere
1019 3010 1085 3064 velie
1103 3012 1306 3082 φρατορῦαρχος

112 3113 202 3158 uuest
219 3103 246 3156 in
267 3099 375 3154 bekkeri
395 3104 425 3153 Α.
444 3103 473 3152 G.
495 3119 518 3170 p.
529 3104 599 3165 ³13,
623 3107 671 3152 aut
690 3117 753 3151 cum
771 3097 853 3152 Suida
872 3099 909 3167 (v.
930 3097 1076 3168 φράτορες)
1099 3100 1244 3171 pbmtriam
1264 3103 1304 3156 di·

113 3211 171 3248 cere
190 3189 360 3260 upoevwlm?
402 3192 435 3243 {tt
458 3207 473 3242 a
493 3186 601 3256 φράτηρ
624 3188 772 3242 derivatum
798 3196 836 3241 est
862 3187 999 3256 φρατρία,
1023 3189 1218 3260 φρατριάζινν,
1236 3210 1306 3261 φρα-

74 3282 77 3286 ’
114 3282 259 3351 optante,
285 3278 321 3331 sic
346 3276 425 3331 etiam
449 3277 610 3345 φρατρικός,
636 3297 703 3345 non,
727 3275 797 3352 quod
817 3275 919 3329 librarii
938 3274 1012 3330 nobis
1031 3277 1215 3350 obtruseruut,
1234 3299 1307 3349 φρα-

113 3370 223 3438 τορικός
241 3399 275 3410 -
300 3367 368 3421 Satis
393 3365 458 3421 duco
482 3366 559 3421 uerbo
585 3376 693 3421 tantum
720 3384 824 3421 monere
848 3365 875 3418 in
897 3366 1055 3438 [Demostb.]
1074 3387 1109 3423 cr.
1130 3366 1186 3424 adv.
1207 3372 1304 3426 Euboi.

113 3483 139 3536 p.
153 3462 237 3526 1317,
257 3459 271 3527 b
291 3460 327 3512 60
352 3455 451 3513 librum
472 3455 659 3511 lexiarcbicum
679 3457 769 3511 vitiose
790 3454 824 3504 τὸ
842 3455 930 3504 κοινὸν
947 3464 1139 3525 γραμματεῖον
1158 3456 1223 3525 dici,
1243 3477 1305 3512 cnm

112 3557 215 3606 constet
234 3546 283 3601 boc
299 3545 403 3600 nomine
422 3564 569 3620 numquam
590 3545 674 3601 alium
695 3545 746 3598 nisi
765 3544 898 3619 phratriac
913 3543 1013 3598 librum
1033 3546 1157 3612 iudiceri3
1175 3545 1306 3601 sedeloci

113 3636 245 3694 sententia
270 3653 371 3709 prorsus
394 3632 516 3688 abhorret
534 3633 655 3686 additum
673 3633 847 3701 adiectivum3
866 3643 952 3686 orator
968 3642 1075 3686 tantum
1097 3651 1159 3687 usus
1177 3643 1216 3687 est
1234 3653 1304 3689 conr·

113 3728 191 3783 muni
215 3725 320 3780 nomine
341 3723 375 3772 τὸ
391 3726 597 3790 γραμματεῖον,
622 3740 705 3796 neque
730 3722 782 3776 alio
810 3739 873 3795 opus
902 3730 941 3774 est
960 3720 1068 3788 indicio,
1088 3739 1149 3776 cum
1170 3723 1306 3794 praecedat

111 3814 277 3875 ’Antioche
296 3811 446 3881 δημαρχῶν
466 3821 493 3865 et
513 3829 571 3866 mox
591 3809 617 3860 οἱ
636 3809 756 3875 δημόται
775 3819 927 3884 sequantur.
964 3809 1096 3864 Librarius
1116 3810 1198 3882 igitur
1213 3811 1245 3865 de
1259 3831 1305 3866 suu

112 3907 273 3963 adiectivum
294 3902 422 3977 adpiuxit‚
448 3899 596 3975 quodcum
617 3918 765 3974 perversum
783 3901 830 3967 sit,
851 3918 879 3954 eu
898 3898 1000 3954 facilius
1019 3898 1090 3954 fraus
1111 3909 1190 3974 patet.

154 3999 185 4064 1)
205 4015 228 4067 p.
242 3997 292 4060 77,
312 4011 337 4045 u.
359 3996 384 4044 5.

154 4087 184 4154 2)
204 4089 236 4138 ts.
257 4082 289 4135 de
308 4079 398 4154 Pyrrhi
419 4079 473 4132 ber.
493 4100 517 4152 p.
529 4083 578 4142 45,
598 4080 612 4146 p
634 4083 675 4132 73.

154 4179 184 4244 3)
204 4170 363 4243 [Demostb.]
382 4188 403 4223 c.
425 4171 511 4224 Ncaer.
532 4188 557 4242 p.
567 4171 657 4236 1386,
679 4169 693 4237 ᾗ
716 4169 776 4221 tat.

155 4267 186 4335 4)
205 4261 237 4316 cf.
258 4264 310 4334 pt
331 4277 368 4333 sq.

153 4358 184 4422 5)
204 4349 364 4421 [demestic]
383 4367 406 4402 c.
425 4349 512 4402 Ncacr.
532 4365 556 4420 p.
568 4348 654 4414 1364,
676 4347 691 4415 p
713 4349 750 4399 57
767 4364 823 4421 sqq.

153 4445 183 4515 6)
205 4444 313 4497 Exstant
332 4439 401 4492 iuter
421 4434 628 4493 Demosthenicas
646 4435 714 4492 dnae
733 4436 859 4493 orationes
876 4435 932 4492 adr.
958 4424 1096 4510 Boeotum,
1116 4436 1247 4495 alterode
1265 4454 1310 4491 no·
