2842 5018
688 259 728 318 55

111 446 183 510 iure
207 439 388 509 enarrando
412 448 443 506 et
466 442 519 506 cui
545 439 592 504 vel
614 450 723 506 nostra
744 447 831 505 aetas
852 440 885 504 in
906 459 942 505 eo
962 440 1179 526 cognoscendo
1202 441 1301 508 nihilo

108 564 255 650 postponi
289 560 399 638 debet,
434 580 488 626 eos
521 561 553 623 in
579 579 719 625 errorem
746 559 925 625 induxisset
949 580 1085 626 narrans
1108 561 1299 648 llippareten

108 681 285 749 Alcibiadis
318 699 450 745 uxorem
485 678 615 744 divortii
647 680 833 765 petitionem
870 679 909 765 ad
942 680 1129 746 archontem
1153 681 1302 748 debuisse

109 801 230 869 reterre
267 820 347 865 non
384 819 456 885 per
489 799 620 874 alioS‚
652 799 723 863 sed
757 801 889 885 ipsam
922 802 1113 886 coram1).
1161 801 1302 866 Coniecit

108 920 320 998 Plutarchus,
353 918 486 985 forsitan
518 939 555 984 ex
588 919 761 984 Audocidis
795 918 956 984 vocabulis
987 921 1132 984 ἐλθοῦσαν
1157 923 1228 1003 πρὸς
1251 924 1303 988 τὸν

110 1042 249 1124 ἄρχονται
280 1041 366 1105 κοντοὶ
399 1042 449 1106 πὸν
473 1037 575 1116 νόμον,
605 1038 773 1105 mullerem
804 1039 920 1104 debere
952 1039 1082 1105 divortii
1115 1041 1302 1126 petitionem

110 1161 238 1228 tradere
267 1160 413 1226 archonti
444 1160 488 1238 ph
506 1159 548 1223 δι’
573 1159 693 1238 ἐπέρων,
719 1161 794 1224 olat'
818 1162 914 1236 αὐτὴν
939 1164 1112 1241 ποοροῦσοον,
1139 1160 1194 1226 sed
1218 1158 1302 1232 mala

110 1291 143 1348 et
168 1301 317 1367 perversa
342 1278 553 1366 explicatione
578 1280 715 1343 oratoris
740 1278 966 1344 vocabulorum
989 1299 1068 1346 usus
1087 1289 1153 1358 est,
1174 1301 1212 1346 ex
1233 1281 1302 1366 qui·

109 1403 170 1468 bus
203 1400 284 1465 nihil
314 1407 417 1486 potest
442 1396 525 1464 ellici
552 1399 614 1463 nisi
639 1397 723 1483 quod
748 1397 826 1463 dixi.
876 1399 1074 1465 Adversatur
1097 1409 1205 1466 autem
1228 1401 1302 1466 Plu-

108 1522 215 1588 tarchi
248 1520 417 1607 explicatio
451 1520 533 1583 iuris
564 1519 682 1583 atticae
714 1525 847 1583 naturae
880 1537 983 1605 neque
1015 1521 1124 1585 minus
1156 1528 1301 1586 veterum

109 1641 304 1708 testimoniis
336 1660 433 1726 supra
465 1660 483 1704 a
515 1659 566 1704 me
595 1637 709 1704 allatis.
758 1637 950 1704 Plutarchus
987 1659 1117 1725 prorsus
1151 1639 1302 1726 indignus

109 1782 179 1829 esse
203 1760 348 1837 videtur,
372 1781 467 1845 quem
493 1761 525 1822 in
551 1759 609 1823 hoo
634 1767 826 1842 argumento
848 1758 1029 1824 audiamus.
1077 1759 1302 1825 Narrationcm

110 1881 150 1946 de
182 1878 344 1943 Alcibiade
376 1879 521 1962 sequitur
555 1876 773 1961 pulcherrima
805 1875 981 1961 disputatio
1010 1877 1049 1942 de
1073 1879 1214 1954 iustitia,
1240 1898 1304 1963 qua

112 1996 248 2083 probare
267 2005 402 2060 conatur
421 2014 483 2058 non
505 1993 597 2077 plane
619 2001 730 2059 contra
752 1992 837 2077 leges
857 2013 960 2078 neque
977 1995 1185 2060 inhumanam
1206 1996 1303 2063 luisse

113 2113 290 2180 Alcibiadis
317 2115 391 2178 vim.
440 2113 557 2198 Legem
583 2113 669 2178 enim
704 2110 807 2177 videri
839 2121 1004 2199 propterea
1029 2113 1196 2181 mulierem
1222 2137 1302 2202 quae

110 2257 129 2302 a
162 2235 279 2300 marito
312 2231 475 2298 discedere
509 2233 618 2318 cupiat
649 2232 759 2297 iubere
789 2233 820 2297 in
858 2231 1021 2318 publicum
1056 2234 1182 2320 prodire
1207 2245 1303 2323 atquc

109 2355 298 2422 anebontem
328 2353 433 2430 adire,
469 2361 504 2417 ut
534 2352 651 2416 marito
674 2359 815 2437 potestas
839 2350 934 2418 detur
958 2353 1028 2418 eins
1053 2353 1184 2432 domum
1209 2353 1301 2421 redu·

110 2475 241 2542 cendae.
289 2473 351 2553 Qui
385 2472 481 2538 talem
506 2473 570 2537 vim
595 2471 723 2557 qualem
748 2470 927 2538 Alcibiades
951 2475 1043 2538 uxori
1068 2474 1178 2539 intulit
1202 2495 1301 2541 ausus

109 2605 159 2662 est
194 2595 301 2660 dicere
337 2613 400 2658 non
433 2593 562 2657 omnino
593 2591 767 2672 ποοροένομον
799 2612 901 2678 neque
932 2593 1148 2675 ἀπάνθρωπον,
1179 2596 1207 2658 is
1240 2614 1302 2660 non

109 2725 197 2782 recte
222 2713 349 2780 videtur
372 2712 571 2797 intelligere,
597 2711 674 2797 quid
702 2713 824 2777 iustitia
849 2721 880 2777 et
903 2712 1089 2778 humanitas
1110 2712 1169 2777 sibi
1190 2713 1299 2778 velint.

110 2836 190 2901 Cum
227 2843 334 2900 autem
371 2832 534 2898 Plutarchi
571 2831 673 2916 legem
703 2853 862 2917 nusquam
895 2832 1056 2898 firmatam
1089 2833 1212 2909 videas,
1245 2833 1300 2898 sed

109 2963 221 3022 contra
254 2962 406 3042 appareat
438 2972 512 3017 eum
546 2972 605 3017 sua
636 2972 675 3017 ex
707 2954 843 3017 oratoris
873 2951 942 3017 loco
971 2972 1119 3038 perverse
1143 2952 1300 3038 explicato

110 3076 269 3153 hausisse,
302 3094 363 3138 non
398 3079 630 3157 anteponemus
662 3073 732 3136 eius
764 3072 991 3136 auctoritatem
1018 3072 1105 3136 Isaeo
1129 3079 1161 3135 et
1185 3071 1301 3136 Demo·

109 3196 233 3272 stheni,
265 3214 324 3259 nec
354 3191 529 3278 quidquam
556 3190 643 3255 alind
666 3191 852 3256 docebimus
875 3191 939 3256 nisi
963 3210 1130 3276 personam
1156 3191 1300 3258 mulieris

110 3317 208 3382 etiarn
229 3314 288 3380 bac
313 3316 343 3378 in
370 3333 403 3378 re
426 3311 648 3377 sustinendam
673 3310 772 3378 luisse
796 3312 866 3377 eius
889 3313 988 3393 κνοίῳ.

157 3436 244 3516 Quae
283 3434 347 3498 buc
380 3453 479 3518 usque
516 3432 751 3518 disputavimus
784 3431 822 3496 de
854 3432 983 3497 divortii
1014 3432 1117 3497 modis
1151 3435 1300 3498 nituntur

109 3565 256 3624 veterum
288 3553 491 3620 testimoniis.
543 3551 664 3616 Horum
699 3551 808 3616 nullus
841 3560 948 3618 tamen
978 3552 1100 3639 aliquid
1132 3552 1231 3617 tradit
1262 3552 1300 3618 de

109 3675 291 3744 actionibus
322 3673 502 3740 forensibus
534 3692 614 3757 quae
650 3671 724 3736 inde
753 3673 831 3736 oriri
856 3681 1042 3757 potuerunt.
1089 3671 1200 3737 Pollux
1222 3676 1300 3738 οὶπο·

110 3804 238 3877 πομπῆς
251 3797 278 3885 ²)
309 3800 538 3860 commemorat
569 3800 601 3856 et
632 3792 828 3872 ἀπολείψεως
861 3793 944 3867 δίκην
963 3790 1000 3876 ³).
1048 3791 1108 3855 Vix
1141 3811 1220 3876 opus
1251 3800 1301 3856 est

109 3918 282 3984 admonere
304 3935 339 3980 ea
372 3932 453 3998 quae
489 3913 570 3976 iuris
602 3913 795 3998 interpretes
819 3911 858 3976 de
882 3911 932 3976 his
956 3909 1139 3976 actionibus
1163 3911 1300 3976 conseri·

110 4067 313 4085 w

147 4160 178 4228 1)
199 4154 282 4210 dicit».
303 4172 324 4206 c.
346 4156 374 4205 8:
402 4149 463 4200 ἔδει
485 4152 536 4214 τὴν
552 4149 726 4216 Ἱππαρέτην
741 4147 774 4196 τὸ
791 4150 840 4212 τῆς
857 4147 1028 4208 ἀπολείψεως
1043 4148 1155 4218 γράμμα
1173 4148 1247 4215 παρὰ
1263 4145 1301 4212 τῷ

109 4247 225 4314 ἄρχοντι
243 4242 368 4300 θέσθαι,
386 4241 423 4305 μὴ
442 4241 480 4291 δι’
505 4237 617 4306 ἑτέρων,
636 4235 694 4285 ἀλλ’
716 4237 804 4302 αὐτὴν
821 4240 971 4306 παροῦσαν.

146 4332 177 4399 2)
198 4331 249 4393 ΙΙΙ,
272 4329 320 4392 46,
340 4328 421 4392 vlu,
441 4328 491 4390 313
512 4321 544 4376 cl.
565 4343 589 4396 p.
602 4324 651 4388 50,
671 4339 697 4374 n.
718 4324 743 4373 8.

152 4421 181 4489 3)
202 4421 242 4470 ΙΙΙ
264 4419 317 4486 147.
