2842 5018
738 271 801 334 152

172 455 344 538 κπειπεῖι)
370 462 405 520 ιιι
430 453 607 521 secundum
626 453 728 540 legem
750 453 888 540 amplius
908 473 971 518 non
993 454 1035 519 sit
1057 451 1158 531 filine,
1179 451 1236 517 lilii
1251 460 1381 531 contra,

186 581 223 639 ut
246 575 324 659 ipsis
346 573 440 640 liceat
462 583 612 661 parentes
638 573 757 640 morbis
777 573 826 639 vel
848 581 1012 640 senectute
1033 571 1194 638 conlectos
1215 573 1311 658 quasi
1330 571 1380 639 de·

184 692 338 779 sipientes
363 695 396 759 in
420 693 577 761 iudicium
598 713 723 761 vocare.
771 686 856 760 llaec
876 700 984 759 autem
1006 694 1040 758 in
1060 691 1229 758 bominum
1249 693 1379 758 omnino

183 813 397 900 pessimorum
430 814 574 881 moribus
600 816 754 881 exsistere
778 814 896 888 solent;
921 832 995 878 nam
1018 813 1046 877 si
1069 810 1243 878 dimidium
1268 830 1377 878 eorum

184 931 305 999 malum
339 941 402 1012 est,
434 933 522 1000 velut
554 935 581 1000 si
615 942 707 1022 pater
736 953 799 999 non
823 941 871 998 est
895 932 1000 998 malus
1025 931 1079 1026 sed
1103 930 1208 1011 lilius,
1234 930 1286 997 vel
1308 951 1378 997 con·

184 1063 252 1130 tra,
283 1073 347 1118 non
380 1053 532 1120 oriuntur
555 1053 755 1121 calamitates
778 1072 797 1118 a
820 1059 911 1117 tanta
934 1049 1175 1137 proficiscentes
1199 1051 1378 1117 inimicitia.

149 1244 151 1247 ,
183 1171 226 1238 Et
250 1173 282 1238 in
306 1173 368 1240 alia
392 1174 521 1260 quidem
547 1174 677 1240 civitate
705 1172 792 1238 filius
815 1170 982 1237 abdicatus
1007 1190 1069 1236 non
1094 1171 1279 1237 necessario
1302 1170 1377 1237 ciri-

184 1299 285 1358 tatem
315 1295 459 1372 amittet,
490 1295 524 1360 in
555 1292 616 1359 bac
647 1312 722 1359 vero
753 1293 881 1377 inqua
913 1288 973 1355 bae
996 1289 1082 1376 leges
1105 1299 1203 1356 erunt
1226 1291 1261 1355 in
1286 1289 1378 1357 aliam

184 1413 348 1498 regionem
380 1423 470 1500 patre
501 1432 616 1479 carens
645 1412 796 1479 eliciatur
827 1429 956 1477 necesse
988 1417 1052 1485 est;
1075 1409 1125 1475 ‚ad
1154 1408 1272 1477 domus
1294 1412 1377 1477 enim

186 1531 401 1619 quadraginta
432 1541 464 1600 et
493 1533 664 1619 quinquies
688 1532 776 1597 mille
799 1529 886 1598 nulla
909 1539 1012 1617 potest
1035 1530 1205 1606 accedere;
1229 1532 1380 1617 quocirca

184 1659 310 1738 oportet
340 1671 415 1719 eum
448 1652 503 1738 qui
535 1652 606 1718 iure
636 1651 696 1716 boc
726 1669 882 1737 passurus
913 1651 955 1715 sit
987 1669 1049 1715 non
1078 1669 1097 1714 a
1121 1658 1214 1736 patre
1236 1670 1300 1717 uno
1323 1649 1379 1717 sed

183 1792 300 1858 genere
331 1772 474 1839 abdicari
508 1772 567 1862 (δεῖ
591 1771 816 1860 declinetur).
865 1768 1062 1837 Faciendum
1088 1790 1163 1837 vero
1188 1778 1234 1837 est
1257 1769 1315 1836 bac
1340 1770 1374 1834 in

184 1910 219 1959 re
250 1891 427 1961 secundurn
458 1891 541 1959 banc
564 1892 631 1959 iere
654 1891 772 1978 legem:
798 1893 984 1978 quicunque
1007 1890 1177 1956 iracundia
1199 1888 1378 1955 inflamma·

183 2023 239 2076 tur
263 2011 511 2099 haudquaquam
537 2011 645 2092 felice,
669 2013 735 2078 sive
760 2012 830 2077 iure
852 2011 919 2076 sive
939 2011 1077 2088 iniuria,
1099 2017 1134 2076 ut
1152 2028 1380 2096 quemcunque

183 2133 335 2217 genuerit
364 2142 397 2199 et
427 2132 612 2199 educaverit
642 2131 730 2198 bunc
761 2131 871 2217 cupiat
893 2151 911 2196 e
935 2131 1124 2216 cognatione
1148 2149 1207 2197 suu
1230 2130 1380 2198 extermi-

183 2270 279 2330 nare,
303 2252 378 2319 huic
400 2273 464 2319 non
488 2254 533 2319 ita
558 2251 751 2338 simpliciter
770 2271 875 2338 neque
895 2250 981 2317 illico
1001 2250 1112 2318 licebit
1131 2249 1164 2315 id
1185 2249 1307 2328 facere,
1326 2248 1378 2316 sed

184 2372 326 2458 primum
348 2379 521 2439 convocato
544 2380 696 2458 cognatos
716 2390 790 2438 suos
813 2390 915 2456 usque
936 2370 976 2435 ad
996 2369 1158 2457 patrueles
1177 2379 1210 2437 et
1229 2368 1379 2437 similiter

183 2491 242 2557 filii
266 2499 418 2579 cognatos
441 2500 606 2559 maternos
628 2500 660 2558 et
684 2511 793 2558 coram
817 2490 868 2557 bis
887 2510 962 2557 eum
984 2496 1150 2568 accusato,
1171 2489 1285 2558 dicens
1306 2510 1377 2558 eurn

183 2610 318 2698 dignum
342 2631 413 2680 esse
436 2613 491 2699 qui
514 2612 554 2678 ab
574 2611 723 2679 omnibus
745 2630 862 2697 genere
883 2609 1051 2677 abdicetur
1073 2609 1322 2701 (ἑκκεκκρῦχθκι)
1338 2609 1378 2698 ¹),

183 2739 281 2818 atque
301 2731 365 2797 lilio
384 2751 511 2819 quoque
531 2732 718 2800 facultatem
739 2731 813 2798 dato
833 2730 873 2796 ad
896 2729 1069 2797 dicendum
1090 2751 1125 2797 se
1143 2749 1206 2796 non
1220 2730 1377 2797 meruisse

183 2850 306 2917 uitale
329 2850 408 2937 quid
431 2859 612 2938 pateretur3
646 2853 729 2919 etsi
754 2858 845 2938 pater
869 2852 1067 2938 persuaserit
1092 2850 1156 2916 illis
1180 2857 1212 2916 et
1237 2848 1376 2936 adstipu-

182 2971 302 3037 latores
324 2980 437 3039 nactus
456 2971 555 3039 fuerit
575 2992 615 3039 err
634 2971 784 3038 omnibus
804 2971 950 3056 cognatis
970 2969 1078 3056 plures
1096 2989 1195 3056 quam
1207 2967 1375 3036 dimidium

183 3110 314 3168 eorum,
344 3089 504 3159 calculum
528 3088 707 3158 ferentibus
730 3097 858 3178 praeter
881 3097 1007 3176 patrem
1031 3098 1063 3156 et
1087 3097 1226 3156 matrem
1251 3097 1285 3156 et
1307 3107 1376 3154 cau·

182 3226 251 3275 sam
286 3209 446 3286 dicentem
482 3209 585 3276 filium
619 3210 756 3298 reliquis
791 3209 941 3276 omnibus
973 3210 1029 3297 qui
1062 3208 1164 3275 adulti
1195 3209 1279 3288 sint,
1313 3209 1376 3274 sivo

182 3328 338 3395 mulieres
357 3331 423 3395 sive
444 3330 520 3406 riri,
541 3331 587 3395 ita
606 3338 638 3396 et
658 3329 718 3396 bac
738 3335 863 3396 ratione
883 3328 994 3396 licebit
1012 3330 1098 3416 patri
1111 3327 1215 3394 filium
1228 3326 1375 3394 abdicare

184 3448 429 3538 (ἀποκηρύττειν)
439 3497 448 3526 ,
466 3447 560 3515 aliter
573 3468 787 3535 nequaquam.
823 3447 1015 3515 Abdicatum
1033 3448 1097 3538 (τὸν
1108 3446 1373 3534 ἀποκηρυχθέντα)

183 3570 211 3634 si
235 3570 309 3654 quis
332 3570 452 3634 civium
474 3567 575 3634 filium
597 3567 749 3655 adoptare
771 3568 924 3648 voluerit,
945 3568 1031 3637 nulla
1053 3567 1103 3634 lex
1123 3567 1374 3654 probibetoeurn

182 3685 350 3773 adoptare;
375 3689 527 3753 iuvenum
547 3689 635 3754 enim
655 3708 761 3756 mores
781 3689 900 3757 multas
921 3691 954 3754 in
974 3691 1039 3755 vita
1059 3689 1257 3755 mutationes
1276 3706 1373 3774 quan-

182 3806 285 3892 doque
315 3804 418 3872 solent
449 3806 573 3882 subire;
606 3806 790 3875 abdicatum
822 3808 1104 3898 (ιὶπικκρυχθέιπιι)
1137 3809 1266 3873 verosi
1292 3808 1374 3873 intra

182 3927 291 3993 decem
317 3945 417 3991 annos
433 3945 536 3992 nemo
559 3927 711 4014 adoptare
734 3928 888 4008 voluerit,
911 3937 1077 3996 curatores
1095 3947 1205 3994 eorum
1230 3927 1286 4013 qui
1308 3933 1373 4012 post

181 4044 315 4112 heredes
348 4044 510 4130 legitimos
544 4050 612 4112 nati
645 4048 678 4113 in
710 4048 865 4115 coloniam
899 4048 1049 4114 mittendi
1083 4049 1148 4114 sint
1173 4047 1224 4112 his
1248 4063 1374 4134 quoque

182 4165 244 4229 rite
269 4165 489 4250 prospiciunto
513 4173 547 4231 ut
573 4167 605 4231 in
631 4166 773 4235 coloniae
797 4176 920 4254 partem
946 4168 1113 4234 veniant.”

219 4337 248 4403 1)
268 4332 356 4387 cedern
376 4334 564 4408 significatione
583 4338 668 4394 edicto
687 4357 731 4413 per
751 4361 900 4415 praeconem
921 4339 1054 4414 publicato
1074 4337 1218 4413 expellendi
1239 4335 1373 4405 32³qu

181 4439 240 4472 τκικ
258 4421 371 4477 occurrit
390 4423 460 4498 apud
474 4425 563 4483 nescir.
580 4444 601 4482 c.
613 4431 679 4484 Ctes.
690 4448 714 4503 p.
726 4433 775 4502 90,
793 4433 807 4500 b
819 4435 887 4502 258,
897 4429 973 4504 Sopb.
984 4433 1013 4485 0.
1024 4432 1049 4485 C.
1063 4432 1129 4499 430,
1141 4427 1233 4484 llered.
1245 4428 1300 4496 ΙΙΙ,
1312 4425 1373 4479 143·
