2842 5018
718 284 781 346 154

151 469 362 556 explorationi
394 489 454 534 non
488 466 689 541 interfuisset
717 468 908 553 senatuique
932 468 1147 555 supplicasset
1171 478 1207 535 ut
1231 488 1354 536 rnunus

152 591 327 676 acciperet,
350 588 542 654 Timarchus
562 607 635 654 cum
657 594 690 654 et
709 596 839 654 senator
857 595 891 654 et
909 587 1049 671 πρόεδρος
1066 608 1104 654 eo
1124 587 1292 668 dicasset,
1306 589 1356 655 illi

152 709 349 795 patrocinari
374 707 493 784 noluit,
518 705 572 773 sed
597 707 746 774 amittere
770 728 844 774 eunr
868 709 986 795 stipem
1009 729 1106 796 quarn
1127 717 1284 797 prytanea
1307 710 1355 776 in·

151 827 267 895 ualidis
287 827 430 894 solebant
452 846 584 912 erogare
604 846 719 914 passus
739 822 798 894 est'.
846 829 954 895 Miseri
975 830 1054 908 viri,
1075 849 1137 895 non
1158 829 1254 896 deliri
1267 830 1356 896 senis

154 950 242 1032 (nam
266 967 340 1014 mox
363 947 404 1013 ab
429 945 587 1014 Aeschine
606 949 699 1013 testis
721 948 841 1013 citatur
861 947 1049 1036 Arignotus)
1070 968 1139 1014 rem
1158 947 1355 1016 familiarem

154 1068 415 1134 administratam
446 1065 593 1132 videmus
617 1067 722 1152 primo
745 1086 764 1132 a
787 1065 903 1144 fratre,
928 1066 1043 1134 deinde
1066 1067 1106 1134 ab
1129 1069 1171 1134 iis
1195 1089 1278 1156 quos
1303 1068 1357 1136 hic

154 1197 277 1255 tutores
301 1186 359 1252 filii
383 1185 533 1273 reliquit,
553 1184 693 1271 deniqne
712 1185 753 1252 ab
775 1187 843 1272 ipso
864 1186 1046 1254 Timarcho.
1094 1187 1153 1254 llic
1174 1207 1251 1256 vero
1271 1189 1355 1256 hanc

155 1327 224 1375 rem
256 1326 372 1393 gerens
402 1306 592 1392 turpissime
620 1307 699 1391 egit.
748 1306 793 1373 lle
819 1307 920 1375 tutela
943 1316 1052 1374 autern
1077 1327 1261 1374 sermonem
1285 1329 1357 1376 esse

156 1448 219 1494 non
251 1447 343 1514 posse
366 1427 592 1512 unusquisque
622 1425 727 1500 ridet;
757 1425 837 1491 nihil
861 1439 910 1492 est
935 1428 997 1493 nisi
1021 1426 1271 1497 administratio.
1321 1428 1356 1496 Si

155 1547 242 1634 enim
274 1564 387 1611 revera
417 1543 520 1610 tutela
549 1543 663 1610 fuisset
693 1545 820 1631 legibus
844 1548 986 1625 sancita,
1007 1546 1172 1633 legislator
1193 1568 1266 1616 eam
1290 1569 1356 1616 non

156 1665 356 1752 permisisset
390 1663 645 1750 improbissimae
676 1665 840 1732 Timarchi
866 1666 1010 1744 libidini,
1035 1667 1109 1744 sed,
1134 1676 1172 1734 ut
1195 1669 1227 1734 in
1251 1669 1353 1736 tutela

157 1785 267 1863 tiebat,
298 1793 356 1852 aut
387 1784 569 1851 rationibus
601 1784 771 1852 reddendis
795 1786 964 1853 obnoxiam
991 1786 1184 1855 reddidisset
1204 1795 1259 1855 aut
1278 1809 1352 1876 per·

158 1914 273 1992 petuae
304 1924 402 1972 curae
434 1904 579 1991 publicae
613 1904 840 1972 mandavisset.
888 1906 925 1972 ln
956 1907 1058 1973 tutela
1090 1907 1167 1974 talia
1197 1905 1270 1975 lieri
1290 1913 1381 1974 non‘

157 2033 320 2112 poterant,
351 2023 459 2111 qualia
493 2044 511 2091 a
536 2024 708 2092 Timarcho
732 2025 765 2091 in
790 2034 944 2110 patruum
968 2024 1053 2093 lacta
1076 2047 1145 2095 esse
1169 2037 1357 2096 auctorest

158 2147 345 2214 Aeschines.

204 2270 245 2333 At
269 2287 331 2332 non
357 2273 484 2332 tantum
509 2274 637 2333 mortuo
661 2277 751 2354 patre
774 2267 883 2335 liberis
906 2275 1014 2336 tutore
1035 2289 1116 2356 opus
1136 2279 1225 2350 erat,
1245 2269 1302 2338 sed
1323 2280 1356 2338 ut

158 2389 222 2454 iarn
245 2385 424 2474 vidimns1)
447 2394 585 2452 mortem
607 2407 690 2472 quae
708 2387 829 2454 dicitur
848 2387 975 2455 civilem
995 2395 1027 2454 et
1047 2389 1170 2476 nuptiis
1185 2397 1219 2456 et
1233 2390 1356 2476 patriae

157 2507 309 2594 potestati
333 2505 428 2572 linem
453 2506 635 2592 imponere,
659 2508 704 2573 ita
728 2508 787 2574 hoc
812 2528 939 2595 quoque
961 2508 1029 2575 loco
1049 2507 1287 2576 observandum
1301 2519 1357 2582 est

157 2625 322 2715 probabile
345 2625 447 2692 rideri
472 2627 574 2712 patris
597 2627 649 2693 oui
674 2636 814 2713 potestas
836 2629 870 2693 in
895 2627 1012 2694 liberos
1036 2628 1095 2694 hoc
1116 2629 1210 2696 modo
1229 2630 1355 2699 ademta

160 2755 245 2813 esset
268 2745 374 2812 locum
399 2747 439 2811 ab
463 2745 565 2813 altero
587 2755 774 2835 susceptum
798 2767 883 2824 esse;
902 2768 976 2815 curn
1003 2768 1077 2814 vero
1101 2751 1209 2816 omnia
1234 2749 1295 2819 bac
1317 2751 1355 2819 de

161 2874 266 2933 morte
289 2867 440 2943 instituta
463 2864 554 2933 nobis
578 2866 672 2953 plane
692 2869 759 2934 sint
780 2869 888 2953 ignota
911 2887 968 2934 nec
990 2867 1167 2954 quidquam
1186 2868 1249 2937 hae
1269 2871 1304 2937 in
1323 2891 1355 2940 re

158 2988 345 3055 testimonio
377 2987 561 3074 exemplare
593 2988 720 3075 probari
752 2989 870 3076 possit,
892 2987 1040 3055 lubenter
1064 2988 1147 3056 hanc
1171 2998 1355 3059 controver-

159 3109 240 3174 siam
273 3107 468 3174 omittimus.
516 3107 636 3174 Eodem
670 3106 769 3187 modow
795 3106 991 3175 censendum
1017 3109 1145 3176 videtur
1164 3110 1204 3177 de
1227 3111 1355 3179 abdica·

160 3229 264 3304 tione,
297 3227 390 3293 cuius
415 3226 557 3292 instituti
581 3225 749 3293 historiam
775 3227 822 3295 vel
847 3227 925 3295 adeo
948 3229 1130 3308 nescimus,
1153 3238 1190 3296 ut
1214 3251 1256 3299 ne
1280 3253 1354 3300 con·

160 3346 245 3413 dicio
269 3345 399 3431 quidem
424 3343 563 3411 abdicati
588 3345 715 3412 definiri
740 3355 836 3433 queat
850 3347 889 3436 ²).

185 3468 252 3533 lle
284 3463 443 3552 adoptatis
470 3485 532 3530 non
557 3474 605 3531 est
630 3466 715 3552 qrrod
738 3467 843 3534 dicam
869 3478 941 3556 post
964 3490 1000 3536 ea
1024 3491 1106 3556 quae
1130 3471 1194 3537 iam
1219 3492 1356 3541 comme·

162 3596 287 3654 morata
322 3587 455 3672 sunt³),
487 3606 591 3671 neque
622 3587 681 3652 hoc
715 3585 782 3653 loeo
808 3590 985 3676 quidquam
1010 3591 1186 3677 prolecturi
1209 3591 1358 3661 ridemur

161 3710 279 3774 iterum
302 3706 447 3772 dicentes
466 3705 506 3773 de
525 3705 654 3794 publica
675 3708 775 3775 tutela
796 3727 908 3776 eorum
932 3730 1071 3797 quorum
1094 3718 1202 3798 patres
1222 3713 1357 3781 inbelle

161 3827 435 3916 occubuerunt⁴).

206 3946 439 4016 Festinandum
472 3956 522 4014 est
552 3947 748 4018 adulterius
773 3951 907 4019 humani
931 3956 1059 4041 generis
1085 3956 1185 4042 partis
1211 3954 1358 4023 tutelam.

165 4102 359 4116 m

199 4192 229 4259 ι)
249 4189 334 4262 pao.
354 4206 381 4240 n.
402 4190 422 4240 ι.
438 4194 463 4241 a
483 4190 589 4260 puae,
609 4206 635 4242 n.
657 4164 706 4243 ι’
797 4217 798 4220 =
879 4195 881 4201 ·

199 4283 230 4348 2)
249 4276 292 4331 ch.
312 4279 419 4350 pp.1ts
438 4285 465 4329 ct
485 4279 547 4331 139.

199 4371 229 4438 3)
249 4368 318 4441 pes
337 4384 391 4440 sqq.

197 4459 227 4527 t)
247 4454 278 4512 el.
299 4457 404 4531 pilli,
425 4473 451 4508 n.
472 4458 496 4508 l.
