2842 5018
678 277 696 337 r
722 233 725 240 .

84 460 250 541 ἀγάμους,
273 457 451 539 intonuere
472 466 503 524 et
523 458 724 537 κακογοέμους
744 477 871 545 quoque
892 450 960 546 agit
979 461 1086 527 Aristo
1107 461 1191 550 apud
1204 461 1276 529 Sto-

84 581 260 668 baeum1);
285 579 323 646 de
347 579 396 645 his
419 600 495 645 vero
520 599 606 645 nuno
632 576 722 647 nohis
745 599 852 646 sermo
876 601 940 647 non
965 591 1025 649 est.

131 702 164 766 Si
197 707 306 766 autern
338 719 451 766 revera
480 701 564 766 aetio
588 700 729 779 ἀγαμίου
758 700 892 767 Athenis
917 702 1060 780 exstitit,
1085 702 1165 768 nihil
1190 702 1276 770 aliud

85 820 137 887 lex
172 829 276 907 potest
314 822 448 887 iussisse
482 840 582 906 quarn
613 821 766 888 omnibus
800 821 926 888 ritihus
962 842 1077 888 uxores
1114 823 1277 889 ducendas

87 963 174 1019 esse,
199 949 256 1007 aut
280 943 306 1006 si
333 961 396 1006 non
420 941 587 1018 omnibus5
610 941 728 1026 quihus
753 941 837 1006 inter
861 961 914 1007 eos
939 941 998 1008 hoo
1021 942 1277 1016 iaciendumsit;

87 1063 172 1150 quod
201 1063 265 1128 nisi
298 1062 419 1130 iaciant
453 1063 523 1147 lege
559 1071 671 1128 eontra
706 1080 760 1128 eos
793 1070 903 1129 aetum
939 1064 993 1130 iri.
1042 1064 1146 1131 Huius
1170 1074 1279 1130 tamen

88 1184 230 1250 instituti
265 1183 351 1269 apud
386 1190 511 1249 veteres
545 1190 577 1248 et
613 1182 763 1268 probatos
796 1184 973 1269 scriptores
1006 1185 1075 1250 vola
1100 1204 1159 1250 neo
1184 1186 1278 1251 vesti·

87 1305 178 1389 glum
211 1305 382 1390 reperitur.
431 1302 515 1383 Quid
550 1323 624 1370 vero
660 1301 822 1371 eliioaoius
845 1303 980 1382 luisset,
1014 1303 1066 1370 uhi
1089 1325 1170 1391 opus
1194 1312 1280 1371 esset

88 1425 122 1489 in
152 1425 225 1490 iure
255 1423 397 1517 alieuius
422 1421 615 1491 coelibatum
646 1423 796 1509 probari,
830 1443 928 1510 quam
961 1425 1145 1491 testimonia
1169 1425 1279 1491 huius·

88 1543 175 1611 modi
199 1545 336 1610 aetionis
360 1551 472 1609 eontra
496 1563 570 1609 eum
598 1543 769 1612 institutae
791 1543 925 1610 afferre?
941 1543 1027 1630 quod
1052 1553 1159 1610 tamen
1183 1564 1280 1610 nunr-

89 1683 187 1749 quam
219 1662 267 1733 lit.
315 1663 386 1729 Alia
417 1671 513 1743 sunt,
547 1682 643 1750 quae,
673 1665 701 1728 sl
725 1671 894 1741 asason,
918 1663 1062 1732 deiunoti
1086 1663 1280 1731 coelibatum

89 1790 239 1869 arguant.
287 1783 511 1849 Demosthenis
546 1784 714 1870 aequalem
745 1792 904 1850 oratorem
930 1784 988 1849 tihi
1012 1788 1170 1870 prom.
1219 1785 1282 1849 hr-

89 1902 221 1970 chiades
243 1885 367 1967 eoelehs
391 1910 539 1966 mortuns
561 1911 644 1969 erat.
684 1902 845 1968 Indicium
868 1903 1078 1968 hortantum
1100 1911 1187 1969 erat:
1213 1918 1281 1969 noo·

90 2020 233 2104 τροφόρος
265 2018 435 2084 tirohIadis
466 2020 613 2105 sepulcro
636 2022 788 2106 imposita
811 2022 934 2108 erar2).
976 2022 1082 2108 Atque
1105 2031 1212 2088 orator
1237 2031 1281 2089 te·

91 2141 244 2208 stimonia
273 2140 405 2209 recitari
427 2139 598 2227 iuhensI),
623 2141 754 2226 opinor,
779 2161 842 2207 non
866 2150 994 2208 tantum
1023 2141 1083 2211 hoo
1105 2143 1281 2209 caelibatus

90 2262 248 2329 indicium
281 2260 458 2339 attulisset,
487 2261 515 2326 si
546 2261 608 2326 alio
639 2281 740 2349 eoque
770 2261 914 2328 firmiore
937 2271 1129 2348 argumento
1153 2263 1281 2349 probari

92 2384 257 2470 potuisset.
305 2381 419 2465 Itaque
445 2379 637 2447 ooelihatum
669 2380 739 2466 lege
767 2383 866 2449 attica
897 2384 1032 2449 vetitum
1059 2381 1158 2449 luisse
1186 2402 1281 2449 nurn-

91 2522 191 2590 quam
214 2500 296 2567 mlhi
319 2499 536 2586 persuadebo,
561 2500 662 2567 donee
686 2500 799 2568 saltem
818 2505 958 2569 certiora
976 2505 1163 2576 testimonia
1182 2522 1281 2589 quam

93 2621 259 2690 Plutarchi
283 2629 315 2688 et
338 2619 638 2706 lexicographorurn
664 2620 852 2692 afferantur.

140 2741 321 2816 Dinarchus
333 2741 361 2829 ⁴)
386 2740 480 2810 docet
512 2742 641 2811 rnanrIs
672 2744 877 2810 auctoritatis
909 2742 1009 2811 fulsse
1041 2744 1098 2830 qui
1122 2744 1283 2831 suseepis-

94 2872 166 2934 sent
196 2862 313 2931 liberos
343 2881 383 2930 ,ox
412 2861 557 2945 legitimo
587 2863 807 2940 matrimonio,
832 2883 930 2949 quam
957 2865 1096 2949 quinon
1122 2866 1282 2950 suscepis.

95 2992 180 3058 sonl;
201 2982 260 3048 hoe
280 3000 391 3049 rerum
410 2989 527 3048 natura
547 2979 620 3048 lert.
658 2983 779 3048 Poenas
800 3002 874 3049 vero
894 2983 1032 3066 irrogari
1051 2982 1164 3051 coelibi
1181 2983 1283 3051 lIhora

95 3104 341 3171 Atheniensium
373 3103 488 3168 civitas
520 3121 697 3188 numquam
728 3120 822 3189 passa
853 3101 968 3170 inisset
998 3122 1057 3170 nee
1087 3121 1282 3190 quemquam

96 3245 193 3293 sanae
218 3224 335 3292 montis
357 3231 537 3309 compotem
563 3242 734 3308 passurum
758 3241 828 3292 esso
854 3231 942 3310 puto.

135 3516 166 3584 1)
185 3515 291 3579 uxrn,
311 3514 355 3564 1e.

134 3605 166 3673 hl
185 3601 344 3672 [Demosth]
375 3597 433 3653 adr.
459 3596 548 3653 Leooh.
575 3603 699 3671 p.1(l86‚
727 3602 804 3669 §Iit
849 3602 876 3656 si
897 3603 942 3657 oni
967 3603 999 3657 de
1025 3603 1072 3657 hae
1097 3601 1286 3657 consuetudine

99 3691 175 3765 plura
195 3691 291 3744 novisse
310 3689 398 3756 lubet,
418 3687 494 3742 adeat
514 3687 646 3742 Pollucem
666 3692 741 3757 VIII,
762 3695 815 3757 66,
836 3690 916 3745 Behlr.
938 3697 967 3746 Α.
983 3697 1026 3746 Gr.
1044 3712 1068 3765 p.
1079 3695 1146 3759 226,
1163 3689 1282 3744 Eustath.

97 3779 130 3836 ad
158 3784 233 3835 llom.
262 3799 286 3851 p.
297 3781 383 3846 1293,
411 3777 457 3852 qui
482 3777 533 3832 loci
551 3776 731 3832 demonstrant
751 3779 862 3834 Dobreeo
880 3780 958 3850 (hdr.
978 3783 1008 3847 1,
1027 3801 1051 3854 p.
1062 3783 1129 3849 505)
1148 3779 1282 3852 quaerenti

96 3889 130 3925 an
151 3866 331 3936 λουτροφόρος
349 3865 478 3940 significet
497 3866 555 3918 sine
568 3865 647 3938 prole
664 3877 799 3922 mortuum
818 3887 875 3922 erre
894 3877 920 3922 et
939 3879 1073 3942 propterea
1092 3866 1232 3949 legendum
1249 3865 1283 3920 sit

97 3957 182 4017 ἄπαις
198 3975 231 4008 τε
248 3955 296 4006 καὶ
314 3955 419 4020 ἄγαμος
436 3952 486 4023 ὥν,
515 3963 547 4008 ut
572 3975 596 4029 p.
608 3957 693 4022 109⁰,
714 3957 747 4024 9,
768 3956 884 4032 negando
903 3957 1110 4030 respondendum
1130 3973 1190 4010 esse.

136 4051 166 4118 3)
185 4045 248 4101 ibid.
269 4065 293 4119 p.
304 4047 392 4112 1089,
412 4046 427 4114 §
448 4049 491 4100 30.
1105 4045 1110 4055 ’

136 4140 167 4209 t)
185 4156 207 4191 c.
228 4134 357 4191 Demosth.
378 4154 403 4208 p.
413 4135 462 4202 99,
483 4135 498 4204 h
520 4135 562 4188 71.
