2842 5018
699 286 760 348 145
858 305 862 310 ·

122 464 226 549 patris
250 465 318 531 vioe
342 465 505 552 iungitum
536 466 696 553 quoditie
722 468 890 532 iuraturus
915 463 1048 543 fuisset,
1072 466 1100 531 si
1123 466 1220 531 etiam
1243 474 1314 531 tum

122 584 207 649 inter
227 586 317 650 vivos
337 593 435 664 esset,
459 585 544 653 fitius
564 588 664 664 iurat,
686 605 749 671 quo
769 585 874 652 allatis
893 586 1095 670 argumentis
1106 585 1156 651 vis
1166 583 1315 652 addatur.

168 703 363 771 Liherari
395 713 527 790 tamen
560 714 758 792 poterant
788 705 878 775 iilii
912 704 1231 771 officioviotus
1254 723 1316 792 pa·

121 822 318 889 rentibus
342 824 591 909 praebendi,
616 827 710 891 euius
734 827 781 891 rei
805 834 872 892 tres
896 825 935 891 ab
959 826 1102 910 antiquis
1121 843 1313 892 enumeran-

121 950 178 1008 tur
201 963 332 1020 eausam
356 944 472 1010 harum
497 965 594 1011 unam
617 946 764 1011 Vitruvio
788 954 821 1012 et
845 945 1018 1011 Plutarcho
1042 943 1229 1009 auctoribus
1248 943 1314 1009 iarn

121 1060 290 1129 attulimus
304 1063 345 1153 ¹):
372 1064 659 1131 Athenienses
681 1064 772 1132 scil.
799 1072 1032 1131 sanxerant
1056 1083 1124 1130 eos
1145 1070 1313 1128 tantum

120 1183 313 1266 potuisse
338 1185 431 1270 cogi
455 1194 656 1270 parentes
675 1185 809 1261 alere,
830 1185 901 1269 qui
920 1185 1005 1269 ipsi
1025 1203 1042 1249 a
1065 1182 1314 1269 parentibus

120 1303 289 1368 artibus
313 1302 476 1369 eruditi
501 1312 655 1387 essent,
703 1303 898 1370 Plutarchus
910 1304 935 1391 ²)
963 1304 1060 1368 etiam
1086 1324 1125 1369 ex
1144 1301 1314 1369 Heraclide

120 1423 252 1488 Pontico
277 1431 388 1487 narrat
412 1422 601 1488 Solonem
623 1424 876 1490 instituisse
896 1444 965 1490 eos
985 1425 1056 1510 qui
1076 1421 1314 1488 concubina

117 1544 209 1607 nati
239 1551 386 1608 essent
408 1562 486 1608 non
512 1545 760 1625 necessario
782 1545 898 1630 patri
922 1544 1083 1609 victum
1109 1540 1313 1608 debuisse

116 1660 338 1746 praehere;
363 1661 459 1728 huius
482 1682 556 1728 vero
579 1663 722 1728 instituti
747 1664 779 1727 in
802 1663 994 1747 antiquitate
1016 1660 1141 1727 nultum
1162 1670 1311 1747 superest

117 1782 307 1864 vestigium,
333 1801 407 1846 nam
432 1781 517 1867 quod
541 1781 764 1868 Gasaubonoi)
791 1800 903 1845 ansam
927 1779 1015 1845 dedit
1038 1779 1098 1844 hac
1122 1779 1161 1844 de
1185 1800 1220 1845 re
1242 1779 1312 1846 dis·

118 1899 272 1983 putandi,
304 1919 377 1962 oum
410 1900 471 1964 sihi
503 1898 582 1982 tegis
614 1900 731 1964 atticae
754 1898 975 1963 testimonium
1000 1895 1237 1982 deprehendere
1260 1883 1311 1962 vi·

118 2016 262 2093 deretur,
295 2016 327 2080 id
359 2026 469 2082 nostro
500 2025 642 2102 ternpore
675 2017 819 2093 evanuit,
851 2036 923 2080 oum
950 2017 982 2079 in
1008 2015 1219 2101 Theophrasti
1241 2017 1312 2083 loco

117 2155 176 2222 pro
204 2137 259 2210 chr
290 2134 410 2215 μητέρα
442 2136 486 2212 μὴ
506 2134 645 2216 τρέφειν,
671 2154 752 2219 quae
773 2133 926 2200 vocabula
951 2154 1048 2220 quam
1074 2137 1213 2202 maxime
1236 2157 1309 2203 eor-

115 2262 212 2340 rupta
242 2254 415 2340 pessimam
448 2253 746 2339 interpretationem
769 2252 884 2319 elicere
906 2253 1079 2332 dehebant,
1104 2256 1310 2342 nescioquis

114 2375 234 2460 optime
258 2372 477 2439 emendaverit
499 2382 744 2454 μητραγυρτεῖν,
768 2372 853 2459 quod
877 2373 980 2458 tnagis
1004 2375 1152 2441 convenit
1175 2375 1308 2463 reliquis

118 2494 262 2561 vecordis
286 2493 441 2559 moribus.

161 2615 305 2680 Tertiam
336 2614 554 2699 exceptionem
587 2634 626 2679 ex
657 2612 825 2679 Aeschinis
857 2611 1084 2701 rimatorem)
1110 2613 1174 2678 iam
1199 2614 1307 2680 attuli·

114 2754 205 2810 mus,
241 2735 277 2798 si
312 2732 401 2799 scil.
438 2733 572 2799 liberi
605 2753 623 2798 a
656 2741 777 2820 patre
809 2731 858 2797 ad
889 2727 1055 2819 turpem
1080 2744 1305 2820 quaestum

115 2855 274 2922 elocati
299 2853 504 2920 fuissent.-

157 2973 278 3042 Officiis
298 2973 473 3040 liberorum
495 2992 571 3058 erga
591 2980 740 3059 parentes
762 2971 1121 3057 pertractatishreviter
1132 2970 1304 3038 dicendum

112 3093 241 3160 videtur
272 3091 310 3159 de
342 3091 467 3186 iuribus
499 3074 581 3178 qnae
612 3091 705 3158 tiberi
737 3093 769 3156 iu
797 3100 945 3176 parentes
969 3090 1146 3166 habehant;
1167 3111 1205 3156 ea
1229 3111 1304 3157 vero

111 3220 238 3279 tantum
271 3211 483 3287 enumerabo,
515 3230 590 3277 cum
619 3219 676 3276 aut
708 3210 760 3275 hic
789 3210 892 3277 alieno
915 3210 984 3277 loco
1008 3219 1228 3276 tractarentur
1248 3219 1305 3277 aut

111 3332 187 3399 alibi
212 3350 230 3397 a
254 3351 307 3398 me
329 3331 394 3396 iarn
417 3330 481 3396 sint
502 3338 653 3398 tractata.
700 3329 767 3395 lilis
788 3330 1022 3396 accensendum
1040 3337 1089 3396 est
1109 3331 1175 3397 ius
1195 3331 1304 3416 quod

109 3452 263 3518 liheris
294 3459 386 3517 erat
418 3449 673 3516 succedendi
706 3450 745 3514 in
777 3451 917 3515 omnia
949 3468 1055 3534 quae
1079 3457 1303 3535 parentum

110 3570 315 3642 inissent;
347 3568 431 3653 qnod
464 3569 566 3653 magis
599 3569 737 3653 pertinet
770 3569 811 3634 ad
840 3570 891 3633 ius
923 3567 1165 3634 hereditarium.
1214 3567 1301 3648 Quae
1328 3654 1330 3658 ι

109 3711 185 3757 vero
210 3690 362 3755 continuo
387 3692 567 3773 sequuntur
591 3689 655 3751 iarn
680 3687 741 3752 alio
762 3687 830 3751 ioco
854 3684 1003 3771 expendi.

155 3808 287 3875 Filiis
318 3827 364 3872 ex
396 3805 493 3870 iiiia
525 3804 795 3871 hereditaria
829 3807 963 3881 natis,
986 3823 1075 3869 cum
1102 3805 1166 3869 sui
1191 3805 1302 3871 iuris

110 3928 220 3994 iacti
255 3933 417 4000 essent,
454 3916 637 3989 inserat
671 3925 711 3987 in
743 3924 808 3988 avi
840 3922 1126 3990 hereditatem
1160 3941 1299 3988 suece-

110 4080 312 4096 ——t—

147 4160 475 4233 sspfflhmdmh

146 4251 178 4318 2)
197 4247 249 4301 sol.
269 4265 290 4299 c.
311 4248 354 4298 22.

148 4340 178 4406 3)
198 4335 230 4389 ad
249 4333 375 4406 Theophr.
396 4331 469 4386 Char.
490 4335 539 4400 Vlc
560 4337 585 4386 2.

149 4427 179 4495 d)
199 4429 264 4497 p.3,
285 4424 299 4492 h
321 4426 371 4489 133
391 4419 422 4477 ch
442 4440 518 4494 supra
539 4425 642 4494 p.122‚
664 4441 690 4479 u.
712 4427 727 4476 3
748 4429 774 4475 et
794 4421 897 4492 p.142‚
918 4436 942 4472 n.
965 4421 985 4506 Ζ

1112 4509 1147 4558 ffl
