2842 5018
638 295 679 356 67

61 482 135 556 tur.
153 493 226 544 nam
251 493 337 545 none
358 479 514 569 Thrasylo
536 488 662 548 mortuo
682 479 778 548 vidua
798 482 869 549 eius
889 480 1019 549 domum
1036 479 1205 568 relinquit,
1218 494 1257 543 ex

56 614 125 683 vquo
146 597 370 684 Apollodorus,
392 615 474 667 eum
487 602 607 688 quippo
626 600 783 688 paruulus
803 599 847 666 ibi
868 615 903 667 re
920 615 1053 668 manere
1070 617 1131 666 non
1145 606 1257 687 potue·

20 736 22 739 ’
61 718 124 796 rit,
147 719 181 784 in
203 721 323 786 tutoris
344 719 476 787 domum
500 722 634 798 transit,
657 719 744 788 uude
766 727 891 808 postea,
916 736 992 786 eum
1016 728 1122 788 osmer
1141 717 1257 787 hreho

61 838 157 904 demo
182 836 361 927 nupsisset,
385 836 425 907 ab
448 841 508 907 hoe
531 843 564 907 in
589 857 681 908 suam
706 835 837 914 domum
862 840 981 908 doetus
1002 851 1063 908 est.

107 958 228 1027 Eodem
253 960 346 1027 modo
371 961 602 1029 Demosthenes
626 970 697 1049 post
721 963 823 1049 patris
847 967 984 1028 mortem
1008 979 1027 1027 a
1050 968 1155 1027 matta
1177 959 1257 1027 edu·

61 1090 155 1147 catus
186 1080 295 1167 est¹);
329 1080 408 1147 haee
441 1101 517 1148 uero
549 1082 706 1149 remansit
738 1082 771 1147 in
800 1082 911 1147 mariti
935 1080 1046 1159 domo,
1061 1101 1144 1147 oum
1170 1088 1258 1148 tutor

62 1199 214 1287 Aphobus
245 1203 299 1268 eui
330 1222 350 1269 a
384 1203 503 1270 marito
535 1222 610 1269 oum
634 1201 708 1269 dote
731 1200 889 1288 desponsa
912 1210 983 1268 erat
1006 1221 1064 1289 per
1083 1209 1260 1268 testamen-

65 1329 135 1388 tum
170 1322 276 1409 primo
312 1329 457 1410 tempore
490 1323 523 1388 in
555 1324 658 1409 patris
692 1322 917 1390 Demosthenis
949 1321 1044 1389 aedes
1075 1322 1257 1408 migrasset.

63 1441 177 1508 Postea
208 1441 266 1508 bas
299 1442 468 1529 reliquisse
498 1443 627 1511 videtur
655 1442 807 1529 Aphobus
832 1462 890 1510 neo
913 1442 1012 1509 dueta
1036 1440 1259 1510 Demosthenis

64 1569 169 1629 matre
193 1582 251 1629 nee
272 1561 345 1630 dote
368 1583 467 1649 quam
491 1563 553 1631 sibi
577 1564 642 1630 iam
666 1571 828 1631 sumserat
851 1562 975 1630 reddita
989 1562 1026 1651 ²).

110 1680 189 1747 Cum
210 1701 272 1747 non
296 1683 338 1749 sit
358 1701 438 1769 opus
458 1682 565 1750 dicere
585 1704 684 1750 uxore
705 1690 834 1751 mortua
850 1682 1025 1750 liberorum
1039 1680 1261 1748 condicionem

64 1820 128 1866 nou
165 1802 303 1875 mutari,
338 1810 466 1868 tantum
497 1811 645 1889 superest
678 1812 712 1868 ut
743 1803 784 1869 de
807 1803 946 1868 divortio
968 1800 1132 1874 dieamus3
1158 1819 1260 1866 unum
1315 1850 1322 1859 .

64 1926 196 1984 tantum
225 1919 286 1983 hae
317 1918 356 1983 de
386 1939 422 1984 re
454 1922 679 1986 testimouium
709 1921 750 1986 ad
782 1940 915 1986 manum
949 1928 1008 1985 est.
1057 1920 1094 1984 lu
1118 1919 1262 1984 oratione

66 2034 222 2102 adversus
243 2034 436 2102 Eubulidam
449 2039 475 2123 ³)
501 2036 541 2103 de
565 2038 770 2105 Protomaohi
794 2038 933 2105 divortio
957 2046 1122 2106 narratur.
1164 2037 1264 2114 lluio,

67 2176 143 2223 oum
168 2176 301 2222 uxorem
325 2155 522 2235 dimitteret,
546 2159 610 2225 iam
635 2156 699 2224 filia
723 2167 799 2225 nata
823 2168 909 2235 erat;
933 2158 1023 2224 brevi
1043 2167 1113 2244 post
1126 2157 1152 2246 ⁴)
1175 2157 1260 2225 idem

67 2275 301 2344 Protomaebus
326 2275 408 2342 hane
432 2274 531 2343 filiam
554 2277 693 2344 elocasse
717 2277 848 2345 dieitur.
895 2277 977 2345 Filia
1001 2278 1103 2364 igitur
1124 2287 1261 2346 matrem

68 2416 133 2464 non
156 2404 268 2463 secuta
290 2406 357 2474 est,
382 2397 438 2463 sed
463 2399 496 2463 in
522 2399 623 2485 patris
643 2398 736 2465 domo
760 2401 926 2468 remansit.

111 2518 253 2584 Neaerae
285 2500 369 2583 fili'ae
397 2518 580 2604 exemplum
605 2540 668 2585 non
691 2519 796 2606 potest
819 2519 928 2587 afferri
954 2529 988 2586 ut
1012 2520 1088 2585 huin
1112 2519 1265 2585 instituto

69 2639 280 2704 eontrarium.
329 2638 414 2704 Haeo
435 2640 521 2704 enim
542 2659 725 2726 praegnans
742 2660 761 2706 a
781 2639 954 2707 Phrastore
974 2639 1067 2705 domo
1083 2639 1186 2705 eieota
1198 2647 1263 2716 est,

68 2767 237 2845 postquam
270 2758 322 2823 hie
354 2758 510 2844 comperit
541 2777 613 2825 eam
643 2759 797 2847 Stephani
822 2759 921 2826 liliam
945 2779 1010 2827 non
1033 2779 1113 2826 esse.
1161 2757 1264 2825 Filius

69 2880 171 2964 igitur
190 2884 286 2945 natus
306 2878 473 2944 Phrastori
495 2877 624 2944 obtrudi
645 2881 773 2965 nequit,
796 2899 870 2947 nam
893 2899 956 2965 quo
979 2888 1120 2965 tempore
1138 2876 1264 2964 Apollo-

69 2998 167 3064 dorus
191 3008 303 3066 eontra
326 2997 482 3065 Neaeram
503 3000 587 3084 egit,
617 2999 861 3065 matrimonium
887 3018 961 3065 oum
986 2998 1156 3083 peregrina
1181 2996 1265 3062 inire

70 3119 133 3183 oiri
157 3119 256 3184 attico
280 3137 343 3182 non
366 3116 495 3192 licebat;
520 3119 629 3204 itaque
654 3118 739 3185 filius
762 3117 815 3184 ille
835 3118 950 3184 matris
971 3114 1194 3182 condicionem
1216 3135 1264 3182 se·

72 3237 232 3324 quebatur
244 3238 284 3325 ⁵).

115 3359 215 3424 Iure
235 3359 371 3424 attico
396 3359 534 3443 igitur
553 3357 685 3423 liberi
711 3357 986 3423 matrimonio
1010 3376 1283 3445 quoeunque.

72 3477 189 3544 modo
219 3476 359 3544 soluto
382 3484 623 3563 sequuntur
647 3484 829 3563 patrem,
855 3479 899 3544 ita
920 3485 957 3544 ut
981 3496 1089 3544 veram
1113 3495 1183 3542 esse
1207 3495 1264 3562 ap-

71 3606 183 3685 pareat
213 3597 394 3684 Apollodori
422 3579 613 3663 sententiam
627 3597 653 3682 ⁰)
679 3595 890 3662 Athenienses
914 3615 1030 3662 uxores
1053 3594 1182 3660 duxisse
1206 3593 1265 3658 iu·

71 3737 307 3804 genuorum
346 3715 588 3782 liberorum
627 3716 1009 3801 suscipiendorum
1044 3721 1084 3779 et
1117 3711 1268 3778 lidelis

72 3896 273 3912 m

162 4017 230 4070 ntus.
251 4015 319 4069 vitae
338 4019 360 4069 X
381 4014 455 4069 ittet.
477 4036 500 4088 p.
513 4019 565 4069 8ll
587 4023 624 4084 Α,
645 4021 716 4070 Deru.
736 4035 757 4069 e.
779 4019 803 4067 l.

161 4105 194 4160 cl·
215 4104 346 4170 schamen,
368 4107 438 4156 Dem.
461 4123 485 4157 u.
506 4122 525 4157 s.
546 4124 566 4156 z.
587 4109 615 4170 l,
636 4124 658 4176 p.
670 4105 724 4157 ata
744 4112 771 4156 et
790 4106 852 4155 252.
964 4120 968 4129 “

161 4193 321 4266 [Demosth]
335 4197 465 4265 plan,
486 4195 500 4262 1
522 4196 566 4246 tu.

163 4283 227 4337 ibid.
249 4285 263 4351 1
285 4287 328 4336 43.

112 4376 143 4443 5)
163 4373 322 4443 [Demosth]
341 4391 362 4424 e.
383 4374 469 4425 Neaer.
491 4373 614 4443 ptati,
636 4371 650 4438 1
672 4373 714 4422 57.

113 4466 143 4535 6)
163 4461 227 4516 ibid.
247 4464 368 4535 ptatttt,
390 4463 404 4530 1
424 4464 486 4516 122.
