2842 5018
693 276 733 336 78

119 457 360 527 condicionibus
379 459 431 524 >iis
454 477 536 544 quae
558 457 750 524 Euctemoni
773 456 950 544 placerent,
986 456 1090 523 idest
1114 476 1180 523 uno
1202 455 1313 524 addito

120 579 230 666 agello.
277 578 359 644 llilio
390 578 530 664 genuino
561 579 735 665 superstite
766 576 912 644 videmus
942 577 1173 644 Euctemonem
1206 577 1310 644 lilium

118 698 211 765 Alces
235 698 345 786 (quem
368 696 578 764 Euctemonis
601 696 736 764 nothum
761 690 860 763 fuisse
884 697 964 763 satis
982 694 1111 763 ridetur
1129 695 1307 784 probabile)

117 838 176 906 pro
200 838 257 885 suo
276 816 454 884 inscribere
472 815 636 904 phratriae
655 816 751 892 libro;
772 815 977 883 statuendum
999 825 1048 882 est
1067 817 1179 903 igitur,
1197 835 1308 903 quam·

117 957 213 1025 qoam
249 936 308 1003 boo
341 939 475 1003 unicum
507 936 693 1004 huiusmodi
723 938 771 1003 rei
802 935 984 1022 exemplum
1017 945 1085 1016 est,
1120 935 1307 1003 licuisse

117 1061 207 1125 civi
239 1059 375 1124 attico
406 1056 784 1124 consentientibus
815 1056 1010 1124 omnibus
1041 1075 1220 1143 quorum
1254 1057 1306 1122 in·

118 1186 309 1245 teresset
339 1177 503 1245 liberos
526 1198 572 1244 ex
596 1177 833 1254 concubina
860 1197 933 1264 pro
956 1177 1166 1264 legitimis
1186 1197 1304 1266 agno·

117 1318 255 1376 scere,
289 1299 353 1364 ita
381 1317 481 1364 vero
515 1307 557 1365 ut
591 1318 670 1364 non
701 1300 818 1383 paria
850 1296 1304 1384 cumgenuinishabe-

116 1425 211 1485 rent
230 1419 345 1496 iura,
366 1417 432 1485 sed
451 1426 615 1486 tantum
633 1428 786 1504 partem
806 1418 1008 1484 bonorum
1027 1424 1303 1505 paternorum

117 1537 305 1623 adipisci
328 1538 558 1627 possent1).

135 1712 137 1716 .
161 1656 280 1723 Nothos
300 1677 376 1724 vero
395 1660 511 1725 missos
529 1657 702 1738 iaciamus,
722 1661 778 1747 qui
794 1660 827 1725 in
841 1659 922 1726 iuris
935 1658 1026 1726 attici
1035 1655 1208 1744 disciplina
1220 1656 1303 1724 haud

117 1778 224 1844 minus
252 1776 471 1844 molestiarum
497 1777 650 1865 praebent
674 1798 771 1866 quam
792 1780 878 1846 inter
897 1779 1107 1846 Athenienses
1119 1776 1304 1864 praebuisse

116 1897 204 1964 credi
229 1904 376 1982 possunt,
398 1904 430 1964 et
454 1905 659 1966 transeamus
682 1897 723 1966 ad
747 1899 830 1967 iuris
853 1899 1005 1966 instituta
1028 1896 1068 1965 de
1092 1897 1268 1985 adoptione.

553 2531 598 2574 llll
630 2530 860 2576 abortione.

157 2730 203 2796 Ne
233 2727 356 2796 tabulas
381 2727 572 2818 mythosque
595 2746 846 2794 commemorem
872 2727 955 2795 unde
979 2728 1134 2796 discimus
1156 2730 1301 2816 Aegeum

112 2847 257 2915 habitum
291 2869 361 2916 esse
391 2847 493 2915 lilium
522 2847 708 2935 adoptivum
741 2846 914 2914 Pandionis
943 2847 1166 2937 Theseumque
1187 2852 1302 2936 Aegei,

109 2970 317 3054 praemittam
346 2969 497 3036 Isocratis
529 2969 636 3036 locum
667 2989 706 3036 ex
737 2969 916 3055 aeginetica
937 2970 1081 3036 oratione
1094 2969 1136 3057 ²),
1159 2990 1223 3056 quo
1246 2991 1303 3057 ap-

108 3096 202 3175 paret
223 3090 275 3155 ius
297 3086 468 3174 adoptandi
490 3096 522 3154 et
546 3088 738 3156 testamendi
761 3088 920 3168 laciendi,
942 3089 1027 3177 quod
1050 3091 1180 3178 proprie
1199 3111 1302 3157 unum

110 3214 174 3284 est,
194 3207 345 3274 omnibus
368 3207 499 3275 Graecis
519 3209 553 3273 in
579 3227 639 3274 usu
663 3208 779 3275 fuisse:
801 3209 927 3296 »legem
948 3210 1118 3278 delenderc
1137 3208 1303 3289 debetis,'’

110 3327 233 3412 inquit,
264 3346 346 3415 »per
372 3346 470 3413 quam
493 3325 584 3393 nobis
607 3335 640 3394 et
663 3327 780 3394 liberos
803 3328 955 3417 adoptare
978 3330 1052 3397 licet
1075 3339 1107 3397 et
1131 3330 1171 3396 de
1195 3351 1231 3397 re
1254 3329 1302 3398 la-

110 3445 230 3513 miliari
255 3455 366 3515 nostro
387 3446 548 3514 arbitratu
572 3455 728 3526 statuere,
752 3467 827 3513 oum
851 3447 953 3534 legem
974 3447 1057 3515 hanc
1078 3448 1166 3515 orbis
1185 3448 1304 3517 libero·

110 3586 184 3632 rum
216 3567 285 3635 loco
316 3587 385 3635 esse
415 3567 618 3654 intelligatis;
643 3587 725 3654 quac
748 3566 878 3653 quidem
902 3587 973 3633 cam
998 3569 1062 3633 vim
1086 3567 1183 3635 habet
1207 3580 1304 3658 atque

110 3685 208 3753 efficit
238 3696 274 3754 ut
304 3697 336 3755 et
368 3689 498 3775 cognati
527 3695 558 3754 et
592 3686 679 3754 nulla
710 3687 949 3755 necessitudine
970 3688 1133 3755 coniuncti
1158 3690 1245 3756 inter
1270 3711 1303 3757 se

108 3809 212 3894 magis
243 3809 393 3875 curent.’'
440 3806 562 3874 lleinde
592 3805 732 3873 affirmat
764 3807 846 3874 hanc
871 3807 973 3893 legem
999 3806 1148 3874 omnibus
1171 3809 1304 3878 Graecis

108 3926 255 4014 probari,
286 3947 397 3994 omnes
425 3927 530 4003 enim,
562 3945 637 3991 cum
671 3926 742 3993 aliis
769 3926 807 3994 de
832 3926 929 3997 rebus
954 3927 1065 3995 multis
1089 3927 1303 4009 dissentiant,

109 4044 148 4111 de
173 4044 231 4112 bac
256 4046 340 4113 idem
366 4054 508 4112 statuere
523 4044 559 4132 ³).

145 4259 175 4325 1)
194 4253 225 4308 cl.
246 4254 419 4318 Schoemann,
441 4270 479 4322 gr.
500 4249 620 4319 altertlr.‚
641 4255 677 4304 2‘2
696 4252 776 4321 aufl.,
797 4258 822 4320 Ι,
843 4257 932 4326 patu
950 4272 986 4327 sq*

145 4347 175 4413 2)
194 4364 218 4416 p.
229 4345 298 4410 aar,
319 4344 333 4410 t
354 4343 396 4395 re.

146 4436 176 4505 3)
196 4431 260 4487 ibid.
280 4433 295 4500 b
316 4433 360 4484 50.
380 4427 416 4484 Cf.
438 4433 471 4483 ls.
489 4428 521 4484 de
540 4433 605 4485 lien.
626 4429 678 4484 her.
700 4432 714 4501 d
735 4433 778 4484 at.
