2842 5018
681 255 722 316 96

109 447 183 531 quis
218 449 275 508 aut
304 460 362 528 per
393 445 622 506 testamentum
647 437 854 524 adoptaretur
878 449 934 506 aut
958 441 985 505 si
1009 447 1219 526 cognatorum
1243 438 1302 507 ali-

110 566 183 650 quis
205 561 356 630 defuncto
379 559 465 626 lilius
483 559 628 631 dorcium
650 557 728 624 illud
750 579 825 625 curn
846 560 951 626 locum
972 560 1106 627 haberet
1124 561 1302 628 verisimile

111 684 239 750 uidetur
280 689 336 747 aut
376 681 483 762 ipsum
530 677 716 764 adoptatum
754 687 790 744 ut
822 680 1054 747 inscriberetur
1089 698 1240 758 curasse,
1274 683 1303 746 si

110 823 225 889 nempe
245 804 296 868 sui
318 801 401 866 iuris
424 807 527 878 esset,
550 806 606 864 aut
628 800 699 864 eius
721 797 836 880 κύριον,
861 799 887 863 si
910 799 1053 866 nondum
1075 801 1108 864 in
1133 818 1228 866 snam
1254 809 1302 867 tu·

107 923 205 991 telam
230 922 428 1009 pervenisset
441 919 482 1007 ¹);
504 936 578 986 eum
600 927 709 985 autem
729 938 768 984 ex
787 920 941 1004 proximis
961 921 1108 1005 cognatis
1129 920 1249 1006 aliquis
1268 921 1302 985 in

109 1043 253 1110 defuncti
277 1042 408 1107 domum
432 1038 657 1126 adoptaretur,
683 1038 736 1104 bic
759 1057 778 1104 a
803 1046 895 1124 patre
919 1039 1189 1106 automninoab
1212 1041 1301 1107 eoin

109 1167 204 1230 curius
239 1181 336 1228 mann
368 1168 439 1227 erat
465 1158 505 1225 ad
529 1158 696 1245 phrateras
716 1157 860 1225 defuncti
883 1159 1062 1225 ducebatur
1074 1158 1100 1247 2)
1125 1168 1203 1238 aut,
1227 1179 1300 1226 cnm

109 1287 177 1371 ipse
201 1285 265 1350 iarn
290 1283 339 1348 sni
363 1282 445 1347 iuris
467 1287 566 1356 esset,
591 1280 659 1365 ipse
682 1278 850 1365 phroteros
870 1288 968 1366 atque
991 1280 1136 1347 demotos
1158 1278 1302 1347 defuncti

109 1403 218 1470 adibat
241 1401 432 1490 petebatque
454 1410 491 1467 ut
515 1399 748 1468 inscriberetur
761 1401 800 1487 ³).

155 1523 328 1614 Tribum
358 1523 499 1606 igitur
522 1527 562 1586 et
586 1519 744 1586 demum
770 1519 993 1585 mutabant
1016 1520 1233 1607 adoptati;
1256 1522 1303 1588 sic

109 1645 296 1710 Leostrntus
326 1640 511 1707 llleusinius
542 1659 559 1704 e
591 1639 680 1705 tribu
704 1638 952 1726 Hippotbontide
976 1641 1104 1727 petebat
1127 1649 1166 1707 ut
1189 1642 1304 1707 inscri-

108 1765 240 1830 beretur
263 1761 492 1850 Otrynensium
513 1760 647 1842 libm‘t.
695 1760 894 1827 Mutarintne
915 1762 1013 1826 etiam
1034 1780 1151 1828 nomen
1172 1783 1236 1828 non
1253 1782 1302 1828 sa.

108 1885 152 1950 tis
183 1890 318 1948 constat.
365 1881 400 1946 ln
436 1880 581 1967 exemplo
610 1879 758 1967 Thrasyli
793 1879 973 1965 Apollodori
1002 1880 1060 1946 lilii
1083 1881 1239 1968 adoptivi,
1260 1883 1301 1950 de

110 2023 173 2090 quo
196 2002 286 2069 brevi
310 2008 384 2067 ante
404 2000 560 2078 diximus,
581 1998 715 2064 dubium
736 2007 786 2066 est
807 2008 917 2065 utrum
940 1999 1025 2065 filius
1045 2001 1217 2087 adoptatus
1238 2003 1303 2069 inm

109 2131 204 2189 antea
232 2141 347 2188 nomen
373 2119 521 2208 Thrasyli
547 2119 695 2185 habuerit
719 2139 760 2185 on
784 2127 855 2207 post
880 2119 1083 2206 adoptionem
1108 2121 1240 2188 demum
1265 2122 1305 2189 ab

111 2242 300 2329 Apollodoro
319 2241 491 2326 acceperit.
539 2240 618 2306 Gunr
640 2259 714 2305 vero
736 2239 864 2326 adoptio
885 2241 1035 2305 institute
1056 2243 1099 2306 sit
1117 2261 1154 2308 eo
1171 2242 1306 2308 consilio

111 2383 151 2428 ne
171 2361 311 2429 familiae
331 2362 474 2447 perirent
492 2369 525 2426 et
545 2361 577 2424 in
596 2359 734 2445 singulis
752 2357 885 2426 familiis
905 2380 1032 2447 semper
1047 2361 1158 2427 eadem
1174 2364 1306 2428 nomina

112 2491 283 2549 recurrant
314 2481 472 2567 suspicari
504 2480 578 2546 licet
611 2479 814 2565 adoptantem
848 2479 911 2545 lilio
938 2501 957 2546 a
980 2500 1014 2547 se
1038 2481 1187 2567 adoptato
1212 2502 1306 2569 saepe

112 2621 226 2668 nomen
264 2599 419 2665 indidisse
454 2619 532 2666 suae
566 2597 706 2665 familiae
740 2601 919 2686 proprium.
977 2602 1146 2668 Praeterea
1182 2601 1234 2667 lex
1272 2602 1304 2666 in

112 2729 261 2809 parentes
291 2721 518 2786 auctoritatem
550 2718 731 2786 conterebat
766 2739 828 2784 non
864 2719 958 2785 modo
984 2721 1168 2808 imponendi
1191 2721 1305 2787 liberis

111 2844 180 2908 suis
205 2858 321 2906 nomen
345 2838 385 2904 ab
408 2839 516 2915 initio,
543 2837 599 2904 sed
623 2838 739 2916 etiam,
764 2839 792 2903 si
815 2838 1007 2917 voluissent,
1032 2839 1216 2927 delendi⁵);
1240 2857 1306 2927 qup

111 2963 180 3028 loco
205 2962 282 3027 baec
306 2959 357 3025 lex
379 2957 521 3024 traditur
544 2959 604 3023 etsi
628 2964 755 3023 tentum
782 2977 888 3024 sermo
912 2963 955 3023 sit
977 2959 1016 3025 de
1034 2958 1145 3027 liberis
1169 2970 1304 3027 natura·

111 3084 210 3159 libus,
234 3088 342 3146 tamen
367 3078 452 3144 idem
477 3078 517 3144 de
539 3077 699 3162 adoptatis
723 3077 851 3143 videtur
873 3079 1081 3145 statuendum
1106 3100 1188 3148 esse.

158 3201 337 3286 Adoptatis,
355 3218 551 3285 quemquam
574 3210 696 3284 patrem
717 3207 750 3263 et
775 3197 894 3264 tribum
913 3208 946 3265 et
966 3199 1096 3266 demum
1118 3200 1305 3279 mutabant,

113 3331 217 3389 rnater
239 3328 347 3386 tamen
368 3319 479 3386 eadem
499 3318 664 3397 manebat,
685 3337 758 3384 nam
780 3319 892 3401 μητρὸς
912 3321 1007 3394 οὐδείς
1028 3323 1110 3387 ἐστιν
1129 3322 1305 3401 ἐκποίητος,

113 3452 149 3507 ut
169 3441 299 3507 disertis
318 3439 424 3505 verbis
445 3439 536 3505 docet
557 3439 722 3527 lsaens⁶);
743 3439 827 3505 trude
848 3442 996 3526 sequitur
1016 3440 1166 3527 adoptato
1187 3443 1221 3507 in
1238 3462 1306 3508 ma»

111 3565 173 3629 tris
196 3562 278 3628 bona
301 3560 410 3628 eadem
436 3581 506 3628 esse
528 3561 600 3626 iura
624 3568 721 3647 atque
745 3567 855 3636 antem
879 3559 933 3628 sed
957 3569 1049 3648 pater
1073 3545 1232 3629 naturalis
1252 3561 1306 3628 de·

113 3685 190 3750 sinit
213 3701 282 3749 esse
305 3681 400 3763 κύριος
425 3681 481 3746 tilii
507 3681 546 3747 ab
571 3681 671 3747 altero
692 3681 835 3767 adoptati
848 3681 886 3768 ⁷).

150 3890 180 3958 1)
199 3885 231 3940 cl.
252 3891 283 3940 ls.
303 3885 335 3940 de
354 3886 432 3940 Arist.
454 3885 506 3940 ber.
528 3890 617 3958 pub,
638 3889 652 3955 0
674 3891 703 3954 8,
723 3907 747 3960 p.
759 3891 807 3956 81,
828 3889 840 3956 0
863 3892 905 3941 15.

150 3980 180 4048 2)
200 3973 359 4045 [Demosth]
379 3974 434 4029 adr.
456 3979 695 4048 Macart.p.1053,
717 3979 731 4046 §
751 3980 795 4029 11.

151 4068 180 4135 3)
200 4062 360 4134 [bemont]
380 4064 437 4118 adr.
459 4063 546 4117 Lcoeb.
566 4082 591 4136 p.
602 4066 689 4133 1001,
706 4066 721 4134 0
743 4067 786 4118 85.

152 4154 181 4222 d)
200 4151 263 4205 ibid.
284 4150 321 4205 l.l.
339 4152 397 4206 coll.
419 4173 442 4226 p.
455 4155 542 4219 1085,
561 4154 576 4222 0
597 4155 639 4204 17.

152 4245 182 4311 5)
202 4239 331 4293 Demosth.
352 4239 408 4294 adr.
429 4244 513 4294 boeot.
534 4260 559 4313 p.
574 4244 661 4310 1006,
682 4243 696 4311 0
717 4246 760 4296 30,

152 4333 182 4401 6)
201 4329 233 4382 de
253 4328 335 4403 Apoll.
353 4329 405 4382 her.
426 4349 450 4401 p.
462 4332 513 4398 66,
534 4332 549 4400 0
569 4334 612 4384 25.

153 4422 182 4490 7)
202 4417 360 4487 [nemorib]
380 4417 437 4472 adr.
459 4422 560 4481 blacart.
581 4422 702 4492 ptulit,
723 4421 738 4488 0
760 4425 808 4488 lb,
830 4421 846 4474 i.
868 4420 970 4494 piraeo
991 4423 1126 4494 uocabula,
1146 4444 1213 4499 quoe
1231 4447 1246 4482 n
1265 4445 1310 4498 pu·
