2842 5018
684 283 736 367 ‘86

119 486 248 558 penore,
274 466 437 541 malunt,
458 471 640 550 repetentes
662 465 809 531 videmus
828 463 887 530 hoc
908 465 990 530 iuris
1011 465 1197 530 institutum
1220 463 1314 532 Athe·

119 588 171 652 nis
193 585 349 652 valuisse:
376 586 437 651 »si
460 587 558 671 quis
580 588 675 672 ipse
699 606 778 651 non
802 584 1038 672 adoptatus
1062 603 1234 650 suorum
1255 584 1314 650 bo·

118 724 266 772 norum
297 705 493 771 dominus
524 706 645 792 prole
676 704 864 772 mascula
898 704 1084 791 genuina
1112 713 1312 771 nonnata

117 823 263 890 filium
287 823 585 910 adoptaverit,
610 834 748 892 ratum
770 826 808 891 id
829 833 929 891 esto.
978 823 1049 891 Sin
1071 844 1170 890 vero
1188 823 1312 892 filiae

117 945 327 1031 genuinae
352 953 474 1011 natae
497 947 603 1022 sint,
629 966 706 1011 non
730 947 822 1012 sine
845 945 913 1011 his
936 943 1135 1010 heredem
1159 944 1311 1010 scribi·

82 1073 175 1147 1ῑο;
207 1073 303 1130 rata
336 1065 393 1130 sit
428 1066 522 1131 eius
554 1065 754 1131 voluntas
789 1066 874 1131 nisi
904 1062 1052 1130 furore
1084 1070 1310 1130 senectute

115 1183 329 1250 veneficio
361 1183 506 1249 morbo
534 1192 762 1272 correptus
792 1183 1039 1250 autharum
1072 1201 1215 1248 rerum
1239 1181 1308 1247 ali·

117 1323 198 1390 qua
228 1305 452 1370 insaniens
483 1311 554 1369 aut
585 1324 603 1369 a
635 1303 815 1371 muliere
846 1303 1063 1390 impulsus
1090 1309 1163 1368 aut
1186 1301 1228 1364 vi
1252 1321 1308 1368 co·

48 1505 51 1512 .
116 1431 242 1489 actus
265 1430 338 1489 aut
361 1421 551 1489 vinculis
575 1424 903 1489 circumventus
927 1423 988 1487 ita
1013 1421 1209 1488 fecerit.''

160 1541 229 1607 Una
251 1550 360 1608 tamen
384 1541 521 1609 dabatur
544 1544 706 1629 exceptio:
732 1544 817 1628 patri
841 1540 965 1608 scilicet
987 1539 1104 1607 licebat
1129 1561 1187 1627 per
1210 1548 1307 1607 testa-

115 1670 261 1728 mentum
294 1661 446 1748 adoptare
479 1660 599 1740 filium,
624 1681 821 1749 quamquam
845 1660 903 1727 filii
928 1663 995 1727 nati
1019 1669 1128 1740 erant,
1153 1660 1240 1747 quod
1265 1669 1309 1726 ta·

113 1801 190 1848 men
220 1788 450 1847 testamentum
482 1780 611 1847 demum
644 1781 704 1847 sub
735 1803 772 1848 ea
802 1780 989 1849 condicione
1011 1790 1119 1847 ratum
1144 1779 1257 1859 fiebat,
1281 1782 1309 1846 si

115 1901 173 1966 dlii
205 1910 278 1967 ante
310 1900 510 1985 pubertatem
541 1901 764 1970 decessissent.
813 1902 923 1968 Isaeus
937 1901 963 1988 ¹)
986 1902 1045 1968 hoc
1068 1902 1151 1967 iuris
1176 1901 1306 1967 institu-

113 2029 185 2088 tum
210 2021 310 2106 digito
334 2021 487 2095 ostendit;
512 2021 615 2108 legem
638 2024 740 2108 ipsam
769 2022 809 2087 ab
829 2021 891 2088 alio
911 2032 1067 2108 petemus.
1115 2021 1308 2108 Cleonymus

112 2139 282 2228 Polyarchi
308 2141 392 2206 lilius
419 2140 517 2214 ἄπαις
543 2151 689 2208 mortuus
709 2150 795 2215 erat;
816 2143 921 2208 oritur
940 2142 1158 2207 controversia
1177 2142 1307 2206 cuinam

111 2263 182 2329 eius
201 2260 283 2326 bona
303 2260 454 2326 obvenire
473 2259 619 2327 debeant.
659 2259 851 2348 Cleonymus
871 2262 958 2327 enim
978 2268 1210 2327 testamentum
1229 2261 1307 2338 scri·

111 2387 238 2466 pserat,
271 2379 356 2466 quod
381 2379 564 2447 rescindere
589 2379 718 2466 quidem
744 2381 906 2459 voluerat,
931 2379 986 2446 sed
1011 2381 1179 2466 repentina
1205 2389 1308 2447 morte

111 2501 286 2589 impeditus
309 2499 425 2566 luerat.
475 2501 536 2580 Qui
559 2501 672 2586 scripti
697 2508 789 2566 erant
812 2499 946 2566 heredes
968 2520 1007 2566 ex
1033 2507 1225 2567 testamento
1245 2500 1306 2566 sibi

109 2620 323 2688 hereditatem
353 2627 486 2706 petunt,
521 2621 657 2706 proximi
688 2621 817 2706 cognati
849 2639 925 2686 vero
954 2619 1184 2686 adversantur:
1219 2639 1306 2686 »nos

110 2742 262 2818 autem,’'
287 2740 456 2825 inquiunt,
482 2752 534 2806 »et
557 2742 726 2827 sanguinis
750 2739 988 2807 necessitudine
1007 2741 1154 2825 proxima
1172 2738 1308 2826 Cleony-

109 2881 200 2928 mum
232 2861 424 2946 attingimus
455 2867 488 2927 et
516 2861 565 2927 usi
601 2880 714 2927 sumus
745 2880 782 2927 eo
805 2862 949 2927 omnium
975 2861 1187 2934 amicissimo;
1210 2877 1307 2946 prae·

109 2989 198 3049 terea
221 2982 272 3048 ius
296 2980 389 3047 civile
413 2980 504 3047 nobis
528 2979 739 3048 hereditatem
764 2983 835 3048 eius
859 2980 980 3047 addicit
1000 3001 1038 3047 ex
1061 2979 1154 3046 titulo
1177 2981 1306 3066 propin·

110 3103 261 3188 quitatis;
284 3103 352 3186 ipse
377 3119 504 3187 quoque
523 3100 715 3189 Cleonymus
735 3121 792 3187 pro
812 3121 871 3166 sua
892 3102 994 3167 nostri
1013 3102 1150 3166 caritate
1169 3099 1306 3167 heredes

109 3241 169 3287 nos
192 3220 253 3286 sibi
275 3240 344 3286 esse
368 3220 483 3298 voluit,
514 3222 653 3309 denique
676 3229 768 3307 pater
791 3221 955 3308 Cleonymi
979 3219 1177 3308 Polyarchus
1205 3220 1304 3288 idem-

110 3359 173 3427 que
206 3359 285 3406 avus
317 3348 426 3406 noster
449 3350 656 3428 praeceperat
680 3350 734 3418 ut,
760 3343 788 3406 si
812 3339 1005 3428 Cleonymus
1029 3339 1117 3406 nulla
1140 3340 1230 3426 prole
1252 3361 1304 3408 re-

108 3460 185 3528 licta
216 3460 396 3527 exstinctus
427 3470 530 3540 esset,
564 3482 621 3529 uos
645 3463 679 3527 in
702 3461 786 3526 bona
809 3463 879 3527 eius
903 3461 1192 3527 immitteremur.’'
1239 3461 1305 3526 Lex

109 3583 179 3668 ipsa
212 3600 286 3646 uero
317 3579 469 3647 laudatur
499 3581 539 3647 ab
570 3581 633 3646 alio
664 3589 791 3648 oratore
803 3581 829 3669 ²)
863 3580 985 3646 iudices
1015 3579 1207 3646 admonente
1232 3599 1302 3646 eam

108 3699 313 3767 considerare
344 3699 465 3786 legem,
498 3720 600 3786 »quae
629 3700 718 3767 iubet
751 3709 997 3778 testamentum,
1025 3700 1110 3787 quod
1134 3707 1226 3786 pater
1250 3720 1304 3766 su-

107 3819 297 3908 perstitibus
325 3821 474 3905 genuinis
503 3819 613 3887 liberis
636 3818 764 3899 lecerit,
788 3821 815 3885 si
841 3819 905 3903 tilii¹
922 3828 998 3887 ante
1020 3818 1223 3907 pubertatem
1247 3818 1305 3886 de·

107 3939 279 4017 cesserint,
313 3948 420 4006 ratum
444 3940 550 4005 esse.”
598 3939 752 4006 Videmus
776 3941 902 4006 Isaeum
928 3959 984 4026 per
1008 3937 1153 4005 fraudem
1179 3937 1301 4003 nullam

107 4061 265 4127 rationem
299 4060 414 4127 habere
446 4059 526 4144 legis
559 4060 716 4138 instituti,
746 4058 830 4146 quod
854 4058 983 4125 iubebat
1007 4059 1147 4146 patris
1172 4066 1301 4125 testa-

144 4348 173 4415 1)
193 4345 225 4400 de
245 4346 329 4400 Cleon.
351 4348 403 4402 her.
425 4353 508 4421 p.35‚
529 4351 543 4416 b
565 4351 589 4400 d.

144 4438 174 4507 2)
193 4434 353 4508 [Demosth]
372 4456 395 4493 o.
414 4438 501 4512 Steph.
524 4440 562 4507 ll,
584 4439 705 4509 pltat,
727 4438 740 4504 t
762 4439 805 4491 2l.
