2842 5018
646 286 687 350 35

68 459 148 530 haeo
172 473 243 532 tnm
264 466 394 534 deornm
417 469 522 536 vetere
542 467 717 556 incipiunt,
739 489 813 536 eum
835 489 972 556 sponsus
992 469 1096 536 dotem
1118 469 1260 555 accepit,

68 601 143 648 narn
169 605 242 651 eom
263 589 320 673 qui
336 587 409 654 dote
426 601 558 677 sooepta
578 611 729 677 sponsam
752 611 813 656 non
834 590 963 657 duxerit
984 589 1035 656 tex
1055 588 1183 656 inhehot
1203 591 1258 664 rho

66 708 164 786 προῖκ’
188 709 323 789 ὀφείλειν
346 712 396 775 ἐτ’
420 710 506 776 ε’ννένν
529 712 664 790 ὀβολοῖς,
688 718 726 776 ut
750 710 979 777 Demosthenes
994 710 1018 797 ¹)
1043 708 1149 782 donee
1178 708 1257 794 quid

66 821 146 891 hoec
170 827 351 912 significent
376 829 461 895 inira
485 831 675 897 ridebimus.

111 945 150 1010 In
169 945 290 1014 ienriiie
310 951 411 1016 attica
430 970 557 1016 summa
578 952 755 1017 auotoritas
774 959 843 1017 emt
864 969 962 1037 penes
983 950 1155 1022 maritum
1177 968 1258 1014 uxor

66 1066 154 1131 enim
177 1068 249 1134 iure
268 1071 366 1135 ottioo
387 1069 472 1136 uitro
492 1069 648 1137 frumenti
669 1070 869 1137 medimnum
893 1069 1082 1138 contrahere
1103 1089 1163 1133 non
1186 1079 1257 1154 pot·

66 1187 195 1275 eroth,
217 1189 302 1255 unde
326 1210 453 1276 semper
476 1192 509 1255 in
534 1191 637 1258 alieno
663 1210 761 1256 innon
784 1211 853 1256 esse
877 1189 1021 1256 debehat.

81 1344 85 1353 ·
110 1307 147 1372 ln
173 1309 287 1394 primis
309 1320 417 1376 autem
444 1311 535 1376 nohis
559 1310 787 1396 inquirendum
812 1320 861 1377 est
885 1318 1045 1396 quotenus
1067 1309 1136 1395 ipse
1160 1307 1256 1374 rneri-

64 1435 119 1492 tus
154 1429 262 1493 uxoris
293 1429 391 1510 κύριος
422 1429 537 1505 iuorit;
566 1450 660 1508 nem,
683 1438 720 1496 ut
744 1431 777 1496 in
800 1429 1022 1517 superioribus
1036 1429 1061 1517 3)
1087 1431 1152 1495 iam
1178 1426 1255 1493 vidi-

65 1566 154 1626 mus,
185 1549 325 1615 maritus
355 1570 458 1636 neque
489 1567 547 1636 per
579 1559 687 1617 actum
720 1552 806 1617 inter
838 1551 927 1616 vivos
951 1568 1054 1636 neque
1078 1567 1135 1635 per
1158 1555 1256 1615 testa-

64 1677 214 1734 mentum
242 1669 336 1736 elteri
359 1670 557 1757 despondere
582 1672 687 1758 potuit
709 1690 862 1746 uxorem,
887 1670 949 1736 nisi
974 1671 1041 1756 ipse
1064 1671 1135 1735 eius
1158 1668 1254 1748 sinos

64 1796 161 1855 esset.
210 1789 339 1854 enitatis
374 1791 414 1855 iis
445 1810 529 1875 quae
560 1790 599 1857 do
631 1789 733 1856 tutela
764 1788 850 1875 epod
881 1789 1092 1856 Athenienses
1124 1786 1256 1854 tradun-

65 1907 167 1993 tnr⁴)
202 1907 280 1972 heee
320 1909 401 1972 iuris
432 1909 544 1994 reguis
575 1911 730 1975 constitui
762 1928 853 1996 posse
884 1907 1040 1974 videtur:
1074 1907 1257 1972 maritus

69 2027 217 2091 uxoris
239 2025 372 2107 κύριος
396 2035 461 2092 est
485 2029 524 2092 in
549 2028 605 2095 iis
630 2027 776 2105 nehus,
800 2047 905 2113 quoe
929 2027 1021 2113 ipso
1042 2027 1256 2092 matrimo-

65 2145 128 2211 nii
160 2153 346 2232 tempore
377 2155 664 2234 peragentem
699 2151 740 2214 in
765 2149 823 2214 iis
848 2167 960 2226 vero,
985 2165 1088 2232 quoe
1114 2145 1256 2212 soluto

63 2265 224 2331 deinum
257 2286 510 2353 quocunqne
536 2267 650 2333 modo
675 2268 947 2334 matrimonio
970 2274 1168 2334 eventum
1195 2265 1257 2331 ha·

63 2386 211 2451 hitura
235 2396 349 2464 sunt,
372 2408 450 2452 oon
472 2389 653 2476 anrpiius
672 2391 764 2456 eins
785 2389 917 2471 κύριος
938 2394 1020 2465 est,
1041 2388 1075 2451 si
1096 2385 1253 2452 femina

64 2515 225 2592 patrem
259 2516 331 2572 aut
367 2507 528 2575 iratres
565 2518 638 2576 out
674 2530 791 2577 ovnm
823 2499 1253 2595 superstiteshohet.

63 2627 169 2692 Filii
212 2647 309 2693 vero
344 2629 527 2714 epioleri
561 2631 627 2695 sui
652 2632 762 2696 iuris
797 2630 903 2697 iacti
939 2628 1091 2695 matris
1124 2624 1253 2705 κύριον

62 2744 1254 2840 sunt3neoumquamhuiusmodiiominaomoritussive

61 2865 179 2934 dotis
201 2869 292 2933 sive
314 2888 431 2954 opum
457 2871 605 2934 uxoris
629 2869 761 2950 κύριος
786 2876 864 2944 est,
889 2872 1114 2933 attentum
1136 2884 1254 2930 usus·

62 2987 237 3054 innotus
261 2998 301 3054 et
323 3008 425 3054 oure
448 2988 592 3054 harum
618 3009 758 3054 rerum
783 3007 912 3074 penes
935 3005 1025 3052 oum
1051 2993 1125 3050 est.

108 3108 223 3173 Marito
245 3109 278 3173 in
302 3109 372 3175 iore
393 3110 504 3174 uxoris
523 3130 659 3196 persona
679 3107 868 3175 sustinendo
888 3114 974 3182 erat,
993 3102 1079 3190 quod
1099 3103 1253 3170 doeemur

61 3227 103 3293 ab
124 3229 335 3314 Aristophane
348 3229 392 3317 ⁵),
418 3231 472 3315 qni
498 3229 601 3315 iepide
624 3229 786 3295 Thracum
808 3226 1029 3295 effeminatum
1050 3244 1158 3310 regem
1181 3244 1251 3312 per·

61 3348 195 3434 stringit
218 3349 347 3415 dicens:

221 3469 306 3546 οὑμοὶ
329 3469 361 3533 δέ
385 3474 417 3546 γ’
442 3465 482 3535 od
506 3471 646 3548 λέγουσιν
669 3474 707 3544 ὡς
732 3468 903 3551 orannim

222 3587 302 3670 ἔχων
325 3587 531 3655 κατάπαστον
554 3590 606 3656 κν)
631 3589 789 3672 στεφάνην
812 3591 863 3671 ἐφ’
891 3584 1029 3669 ἅρματος

219 3714 334 3791 χρυσοῦ
359 3710 490 3788 διώξει
517 3709 726 3789 Σμικύθην
750 3708 817 3774 κν)
841 3707 988 3787 κύριον.

61 3827 274 3908 Sohoiiastes,
298 3848 394 3915 quem
420 3828 574 3917 suidasr)
599 3832 761 3917 sequitur,
786 3827 825 3895 ad
846 3826 933 3893 hune
952 3824 1058 3890 looum
1075 3822 1249 3909 expianan·

97 4011 127 4079 1)
147 4026 168 4061 e.
191 4005 287 4080 dphob.
310 4009 328 4058 Ι.
348 4025 371 4077 p.
384 4009 450 4072 818,
468 4007 482 4074 §
504 4009 546 4061 17.

96 4100 127 4166 2)
148 4099 180 4149 is.
200 4095 232 4148 de
252 4093 330 4150 Arist.
350 4093 403 4147 her.
425 4114 449 4167 p.
460 4098 510 4159 80,
531 4097 545 4164 §
567 4099 611 4148 10.

96 4189 127 4256 3)
149 4189 232 4256 p.11‚
252 4203 278 4236 n.
300 4185 315 4234 4
336 4191 362 4234 et
382 4187 407 4235 5.

96 4279 126 4344 4)
146 4271 179 4326 ei.
199 4271 245 4324 tib.
266 4275 321 4338 lii,
343 4275 368 4338 1,
389 4275 415 4325 2.

97 4365 128 4434 5)
149 4365 212 4436 qu.
233 4379 266 4412 vs.
288 4363 343 4412 967
357 4379 410 4434 sqq.

97 4455 127 4522 6)
149 4471 171 4505 v,
192 4450 218 4496 Σ
220 4448 360 4514 μηντῦθης.Ἰ
