2842 5018
580 275 737 336 ‘tta

116 457 222 542 gratia
254 456 364 524 uuariti
398 474 511 522 uxores
543 455 770 541 repudiabant;
801 453 964 524 interdum
988 455 1076 522 euim
1101 456 1212 523 mariti
1237 457 1309 522 iura

118 577 205 643 laesa
229 595 359 643 oausam
385 576 516 641 divortii
541 575 727 659 praebuisse
750 574 908 648 censenda
932 585 1018 645 sunt.
1067 573 1120 642 Sin
1141 593 1169 642 e.
1183 594 1215 660 g.
1236 576 1312 664 Hip·

115 697 251 782 poninus
274 695 413 764 testibus
437 695 600 762 advocetis
626 714 757 762 uxorem
782 693 925 770 dimisit,
949 693 1145 762 contendens
1169 694 1310 762 Alcibia-

115 817 187 884 dem
223 836 285 882 non
318 825 354 882 ut
386 817 518 883 fratrem
548 814 604 886 sed
630 822 665 882 ut
689 816 795 881 virum
823 814 909 879 iilius
932 833 1003 880 eam
1027 814 1131 880 risere
1155 814 1259 882 solere
1272 815 1310 902 ¹).

116 935 271 1003 Phrastor
299 936 439 1003 Neaerae
471 936 568 1002 filiam
599 936 660 1001 sibi
691 956 709 1000 a
744 934 907 1021 Stephano
939 943 975 1001 ut
1002 935 1104 1020 ipsius
1130 933 1229 1000 [iliam
1256 934 1310 1002 de-

116 1075 266 1141 sponsam
292 1055 385 1122 domo
408 1057 504 1123 eieeit
529 1053 704 1143 (ἐξήλασε),
729 1062 899 1140 postquam
924 1055 1081 1140 comperit
1105 1074 1176 1122 eam
1199 1074 1311 1122 revera

114 1174 255 1242 Neaerae
283 1175 381 1243 filiam
405 1195 475 1241 esse
498 1175 624 1261 sibique
647 1175 778 1242 ducenti
804 1175 1008 1260 peregrinam
1033 1175 1182 1261 praeire
1207 1175 1311 1262 impo-

115 1296 215 1362 situm
246 1316 315 1364 esse
343 1317 362 1361 a
386 1295 564 1382 Stephano;
587 1295 719 1362 eandem
746 1294 931 1379 Theogenes
955 1294 994 1360 ob
1018 1294 1152 1361 eandem
1176 1315 1310 1364 eausam

116 1414 242 1483 dimisit
268 1414 487 1504 (ἀπέπεμψεν)
502 1415 541 1503 ²).

160 1540 403 1605 Itirortium
423 1537 841 1612 necessariumerat,
864 1555 954 1602 oum
974 1534 1071 1602 tilia
1093 1537 1171 1601 iam
1189 1544 1311 1622 nupta

115 1667 251 1724 morte
282 1659 424 1744 patris
453 1655 671 1743 epielerus
692 1654 827 1723 fieret
851 1662 977 1741 atque
1001 1637 1227 1740 proximus
1253 1675 1311 1722 no·

114 1788 273 1866 gnatus
292 1799 377 1845 eam
399 1780 491 1844 iure
513 1777 597 1843 sihi
617 1785 796 1863 peteret.
832 1777 873 1843 m
894 1776 943 1844 lex
963 1775 1311 1861 providebatepirleris

114 1898 354 1976 rariismodis,
378 1918 436 1964 nee
460 1896 553 1965 facile
577 1906 669 1984 pater
693 1897 871 1964 moriturus
895 1897 994 1965 filiam
1020 1905 1155 1984 nuptam
1176 1895 1307 1963 dmidium

113 2018 288 2085 relicturus
322 2018 454 2096 fuisset,
485 2037 560 2086 eum
593 2017 761 2104 adoptione
785 2019 895 2102 generi
920 2036 1032 2084 omues
1056 2015 1220 2083 molestias
1244 2015 1308 2082 sol·

114 2158 189 2206 rere
212 2139 379 2224 potuisset.

159 2259 329 2325 Praeterea
356 2257 480 2324 Solonis
504 2257 553 2323 lea
575 2257 654 2324 haee
678 2257 803 2345 erat³):
831 2256 1032 2332 »mulien
1055 2255 1164 2341 apud
1187 2275 1308 2341 quam

115 2377 284 2446 adulter
326 2377 619 2463 deprehensns
655 2378 789 2443 fuerit
827 2396 874 2443 ne
909 2384 1086 2443 ornator
1130 2395 1230 2443 nere
1267 2377 1307 2440 in

114 2497 213 2565 fana
247 2499 425 2584 publiea
458 2495 731 2582 ingreditor,
774 2517 825 2563 ne
857 2517 931 2563 suo
961 2499 1217 2562 interventu
1252 2496 1308 2561 in·

113 2627 264 2703 tegras
307 2625 523 2683 matronas
558 2624 830 2702 corrumpat:
879 2617 1033 2702 quodsi
1069 2617 1308 2682 intraverit

113 2745 189 2804 aut
220 2756 312 2807 sese
342 2739 585 2813 ornaverit,
616 2727 760 2823 qui‘ris
790 2735 1033 2803 dilacerato
1060 2736 1305 2802 eiusvesti·

112 2865 253 2925 menta
284 2865 323 2923 et
355 2864 552 2923 ornatum
580 2856 769 2943 diripito
792 2864 833 2923 et
855 2876 944 2922 eam
968 2855 1219 2932 verberato,
1242 2872 1308 2920 en·

111 2974 1062 3055 tenustamen,nereloonidatvelmutiIet.''
1110 2975 1306 3053 lte,orator

111 3098 338 3185 persequitur,
363 3097 459 3163 talem
484 3097 652 3163 mutierem
678 3098 766 3164 omni
788 3096 946 3182 dignitate
969 3098 1077 3182 privat
1099 3103 1131 3163 et
1153 3095 1255 3161 uitam
1276 3095 1305 3160 ei

112 3217 261 3284 acerbam
292 3215 398 3282 reddit
428 3225 461 3282 et
493 3224 599 3283 morte
622 3216 797 3283 duriorem.
846 3216 928 3282 Huic
951 3215 1014 3300 legi
1035 3215 1170 3282 fortasse
1193 3215 1227 3282 id
1250 3214 1305 3280 ad·

111 3337 218 3403 ditum
248 3345 318 3403 erat
349 3337 434 3423 quod
465 3357 504 3403 ex
536 3339 679 3403 oratione
703 3346 815 3403 eontra
839 3336 993 3403 Neaeram
1017 3336 1224 3423 noviruns⁴),
1247 3344 1305 3402 ta·

110 3458 173 3524 les
196 3457 400 3523 mulieres
421 3457 550 3522 etiam
573 3458 721 3523 mariti
741 3456 923 3523 aedibus
942 3455 1186 3523 eiiciendas
1210 3475 1304 3522 esse.

155 3578 309 3643 Marito
343 3576 484 3660 igitur
516 3579 581 3642 ins
604 3588 699 3644 erat
722 3580 869 3644 uxoris
893 3577 1185 3645 dimittendae
1210 3577 1304 3641 sine

110 3693 194 3761 ulla
226 3693 355 3760 forma
383 3696 737 3763 testibustamen
759 3698 1002 3777 advocatis,
1024 3705 1060 3762 ut
1082 3697 1196 3785 Lysiae
1214 3695 1303 3763 lorus

108 3814 258 3883 laudatus
278 3813 409 3880 indicat.
459 3816 544 3882 Uxor
566 3818 687 3881 verosi
709 3837 726 3882 a
752 3820 868 3883 marito
892 3789 1195 3895 diseedere'veiiet,
1219 3814 1303 3903 apud

110 3986 315 3998 m·-

144 4083 174 4149 1)
192 4083 249 4153 Lps.
270 4098 291 4134 e.
314 4079 398 4133 ulcio.
421 4085 446 4147 1,
467 4082 572 4153 ρ.112,
593 4082 637 4132 28.

142 4172 173 4237 2)
193 4167 309 4241 Apollod.
340 4169 500 4240 [Demosth.]
529 4186 550 4219 e.
571 4169 656 4221 Neaer.
678 4187 701 4240 p.
714 4171 799 4235 1362,
820 4169 834 4236 6
855 4171 903 4236 61,
924 4189 946 4242 p.
959 4172 1051 4238 1366,
1072 4171 1086 4238 6
1107 4171 1156 4237 69,
1178 4187 1201 4242 p.
1214 4168 1302 4234 1372,

109 4259 280 4416 9332211306.
302 4366 323 4400 e.
344 4347 410 4399 uim.
431 4366 455 4419 p.
467 4348 518 4411 26,
540 4346 554 4412 p
575 4348 637 4399 183.

141 4438 171 4505 d)
191 4435 352 4506 [pannosam]
369 4453 395 4507 p.
408 4437 495 4503 1374,
516 4436 530 4503 §
552 4436 595 4488 86.
