2842 5018
730 263 767 324 th

165 446 342 517 uxorum
357 449 485 530 κύριοι
506 454 663 514 essent..
710 446 908 511 Timocrates
923 444 949 533 ¹)
965 445 1050 511 enim
1064 463 1208 511 sororem
1221 444 1354 532 despon-

165 569 252 636 disse
272 566 482 634 Protomacho
502 575 669 644 narratur,
688 586 727 631 ex
749 586 812 651 quo
832 573 909 632 nata
926 572 978 631 est
998 564 1074 632 lilia.
1121 565 1356 634 Protomachus

165 707 241 755 vero
260 709 335 755 cum
356 708 479 776 pauper
502 694 587 754 esset
610 695 642 752 et
661 686 837 772 epiclerum
858 685 1047 772 locupletem
1068 686 1212 751 nancisci
1232 697 1356 772 posset,

164 810 327 898 persuasit
346 808 502 874 Thucrito
520 806 673 872 familiari
694 826 751 872 suo
772 826 864 873 suam
885 806 1003 872 ducere
1017 826 1160 872 uxorem.
1201 805 1357 873 Thucrito

166 930 269 1015 igitur
300 929 411 1014 nupsit
442 926 496 993 illa
525 927 718 992 Timocratis
742 946 846 1004 soror,
870 926 926 992 sed
950 946 1013 992 non
1036 925 1076 992 ah
1100 928 1170 1013 ipso
1193 925 1356 994 Protoma-

166 1046 228 1114 cho
259 1047 289 1114 ei
320 1045 476 1132 desponsa
507 1045 563 1112 sed
595 1066 614 1111 a
641 1044 740 1112 tratre
765 1047 947 1112 Timocrate
970 1053 1108 1132 utroque
1131 1055 1248 1133 patruo
1271 1046 1359 1113 Thu-

167 1167 244 1234 criti
277 1173 445 1253 praesente
477 1175 510 1233 et
536 1165 607 1232 aliis
630 1166 778 1232 testibus.
824 1166 922 1233 Plane
946 1166 1056 1232 eodem
1080 1165 1175 1232 modo
1199 1165 1318 1234 Onetor
1331 1169 1357 1256 ²)

168 1305 328 1366 sororem,
359 1306 455 1373 quam
487 1287 579 1372 prius
610 1285 809 1352 Timocrates
837 1286 990 1365 duxerat,
1015 1285 1145 1373 Aphoho
1166 1287 1357 1374 despondet,

167 1413 201 1472 et
223 1406 381 1473 Menecles
393 1406 419 1494 ⁸)
444 1405 535 1492 'apud
557 1407 683 1472 Isaeum
707 1408 818 1472 uxoris
841 1406 959 1473 iratres
982 1415 1076 1493 rogat
1099 1416 1136 1473 ut
1159 1408 1243 1474 hanc
1266 1407 1359 1475 alteri

169 1524 404 1613 despondeant,
430 1526 513 1612 quod
538 1546 612 1591 rnox
636 1526 680 1592 ita
703 1525 750 1591 fit.

216 1646 286 1712 Etsi
309 1643 393 1711 filiae
412 1644 625 1711 hereditariae
646 1665 663 1710 a
683 1653 775 1731 patre
798 1645 976 1712 secuudum
996 1645 1083 1732 leges
1101 1646 1277 1733 desponsae
1297 1648 1361 1714 iam

170 1766 376 1852 nupsissent,
414 1764 529 1830 harum
565 1765 809 1830 matrimonium
847 1773 953 1832 tamen
991 1765 1071 1832 solvi
1096 1774 1220 1853 poterat
1244 1787 1362 1853 genere

170 1885 310 1972 proximi
333 1893 467 1970 rog-atu,
492 1892 529 1949 ut
553 1903 626 1949 mox
649 1883 846 1962 ridebimus,
866 1905 941 1951 cum
964 1886 1003 1952 de
1021 1885 1196 1973 epidieasia
1216 1907 1360 1973 agemus.

216 2005 366 2071 Vidimus
396 2005 498 2092 igitur
527 2003 664 2070 feminas
691 2004 869 2072 secundum
893 2005 981 2091 leges
1004 2005 1195 2093 desponderi
1218 2010 1362 2094 potuisse

172 2146 192 2193 a
224 2134 351 2213 patre
384 2145 404 2190 a
438 2124 575 2191 fratre
599 2124 743 2191 eodem
767 2134 891 2212 patre
915 2135 1012 2193 nato
1035 2126 1083 2193 ah
1107 2146 1181 2194 avo
1203 2135 1277 2193 aut
1301 2127 1362 2195 de·

174 2246 301 2332 nique
325 2244 372 2312 ab
396 2265 457 2323 eo,
481 2245 523 2310 in
546 2246 669 2311 cuius
693 2265 816 2312 manu
839 2254 964 2313 esset.

220 2367 283 2432 Res
302 2373 352 2432 est
373 2363 599 2434 molestissima
618 2365 724 2447 legum
747 2367 921 2433 atticarum
942 2375 1080 2434 aetatem
1100 2367 1181 2434 velle
1197 2366 1363 2453 indagare.

173 2486 268 2554 Certe
290 2485 389 2552 huius
412 2486 505 2571 origo
525 2505 684 2571 nusquam
705 2505 725 2551 a
748 2485 911 2552 veteribus
937 2486 1096 2565 traditur,
1128 2486 1185 2553 sed
1213 2507 1289 2555 cum
1311 2507 1365 2554 ar-

173 2608 319 2674 ctissime
351 2605 521 2672 cohaereat
556 2624 629 2671 cum
663 2606 781 2672 ceteris
813 2605 958 2691 legibus,
988 2625 1071 2692 quae
1101 2604 1140 2673 de
1159 2605 1290 2674 leminis
1310 2607 1365 2675 de·

173 2724 370 2814 spondendis
392 2726 458 2792 sint
481 2726 667 2803 institutae,
691 2743 828 2811 quarum
853 2744 943 2803 eam,
968 2745 1033 2811 qua
1056 2745 1173 2812 genere
1196 2729 1365 2814 proximus

174 2845 305 2914 iuhetur
336 2854 393 2913 aut
421 2847 489 2933 ipse
520 2844 638 2911 ducere
666 2843 764 2912 liliam
788 2844 898 2910 orbam
923 2865 962 2911 ex
986 2845 1098 2912 intima
1121 2855 1260 2932 quatuor
1282 2847 1366 2915 clas·

175 2969 260 3035 sium
292 2975 350 3033 aut
379 2967 503 3034 elocare
515 2965 563 3055 ⁴),
588 2985 607 3031 a
630 2964 768 3031 Diodoro
792 2964 939 3054 Siculo⁵l
964 2973 997 3031 ct
1020 2965 1234 3053 Aristophane
1257 2987 1365 3054 gram·

175 3087 332 3176 matico⁸)
358 3086 464 3153 Soloni
489 3084 694 3153 tribuendam
714 3104 784 3151 esse
804 3083 977 3164 discimus,
998 3085 1095 3151 etiam
1117 3084 1212 3152 Solon
1236 3095 1366 3157 nostrae

176 3207 257 3294 legis
289 3214 403 3280 auctor
430 3204 596 3272 habendus
619 3206 693 3272 erit.
741 3206 892 3272 Attamen
917 3225 957 3272 ne
980 3207 1026 3271 ita
1052 3206 1182 3292 quidem
1206 3209 1295 3275 omni
1318 3211 1367 3275 vi·

177 3330 224 3395 tio
255 3348 313 3394 nos
339 3346 455 3393 vacare
489 3327 662 3393 uerisimile
688 3334 754 3405 est,
788 3347 864 3393 cum
901 3328 1068 3395 notissima
1103 3329 1147 3395 sit
1169 3347 1242 3407 res,
1267 3347 1366 3416 quam

176 3449 319 3517 studiose
343 3458 375 3515 et
397 3455 541 3514 oratores
559 3457 592 3514 et
614 3447 731 3534 reliqui
754 3447 861 3534 legum
883 3468 964 3534 quas
986 3448 1119 3515 laudent
1141 3449 1300 3534 originem
1324 3449 1366 3516 ad

177 3590 342 3637 summum
373 3568 588 3654 legislatorem
616 3567 774 3644 reieraut;
810 3587 874 3654 quo
897 3568 1006 3635 studio
1030 3570 1063 3635 in
1086 3569 1202 3657 primis
1224 3573 1366 3639 receuti·

176 3710 249 3757 ores
272 3690 400 3757 incitati
423 3688 573 3755 videntur
594 3688 634 3754 ad
658 3687 824 3774 fingendas
844 3697 877 3754 et
897 3686 1005 3756 Soloni
1023 3689 1241 3758 obtrudendas
1260 3690 1366 3778 leges,

174 3869 375 3887 μ

212 3989 243 4056 1)
262 3981 420 4056 [Demosth]
440 3979 496 4035 adv.
516 3979 613 4034 subal.
633 3985 754 4053 p.1a11,
774 3983 789 4050 d
811 3984 846 4035 t0
865 3999 919 4056 sqq.

213 4079 243 4144 2)
263 4071 393 4126 [lemoslh.
413 4070 469 4124 adv.
492 4071 568 4124 Onct.
587 4071 617 4137 l,
633 4088 657 4142 p.
669 4072 737 4137 866,
759 4071 774 4138 ᾗ
796 4073 820 4123 7.

214 4167 244 4233 8)
264 4162 296 4216 de
315 4165 381 4215 iden.
401 4160 455 4214 her.
474 4159 489 4228 §
511 4162 536 4212 8.

216 4257 245 4324 1)
265 4249 423 4322 [Demosth]
443 4247 499 4302 adv.
521 4251 623 4300 llacart.
645 4250 765 4320 p.1067‚
787 4247 801 4314 ᾗ
822 4250 865 4300 51.

215 4344 245 4412 5)
264 4343 327 4406 xn,
347 4341 390 4390 18.
408 4333 410 4337 ·

216 4434 246 4503 6)
265 4426 385 4484 Ettsiath.
405 4423 437 4480 ad
458 4423 489 4477 ll.
510 4438 544 4490 u,
564 4426 625 4476 119.
