2842 5018
441 475 511 539 ‘HP.

303 592 335 656 τί
357 592 396 668 δ’,
422 591 456 668 ἢν
480 592 494 655 ὃ
518 592 621 673 πατὴρ
645 593 711 670 ἐμοὶ
738 592 805 674 διδῷ
830 593 873 658 τὰ
896 594 1051 674 χρήματα

303 709 373 794 νόθῳ
396 709 638 788 'inscissionem

395 807 398 812 ’
437 840 579 897 nsrzo.

611 952 625 1014 ὂ
649 949 736 1029 νόμος
761 953 854 1017 αὐτὸν
878 954 930 1018 οὐκ
954 953 1004 1036 ἐᾷ.

164 1071 250 1137 Haec
285 1072 349 1137 iam
385 1068 561 1136 sufficiunt.
610 1069 776 1136 Heraclem
811 1079 980 1158 propterea
1017 1071 1152 1138 nothum
1187 1071 1309 1164 dictum

118 1190 265 1257 ridemus
289 1210 306 1255 a
328 1189 544 1267 Pisthetaero,
563 1189 648 1274 quod
670 1197 766 1257 natus
785 1200 869 1256 esset
890 1211 907 1257 e
927 1191 1105 1259 concubina
1126 1195 1307 1279 peregrina.

119 1312 205 1377 Haec
230 1309 320 1376 nothi
340 1309 485 1375 condicio
505 1328 578 1375 eum
600 1329 662 1374 non
683 1308 821 1376 exclusit
841 1330 859 1375 a
880 1312 988 1377 nescio
1009 1331 1071 1398 qua
1091 1313 1242 1392 civitate,
1260 1314 1312 1380 sed

118 1437 246 1496 tantum
269 1449 287 1496 a
308 1438 442 1516 palerna
464 1427 660 1503 hereditate;
682 1428 769 1494 nulla
791 1430 893 1514 igitur
913 1430 975 1495 alia
995 1450 1092 1517 quam
1106 1430 1235 1499 Solonis
1246 1433 1312 1520 lege

118 1553 147 1616 ei
179 1570 258 1636 opus
290 1558 375 1626 erat,
403 1556 440 1615 ut
463 1547 591 1614 Heracli
615 1546 822 1634 persuaderet
846 1548 893 1613 illi
918 1548 978 1614 hoc
1003 1551 1073 1615 iure
1098 1551 1309 1620 interdictum

118 1689 187 1737 esse
195 1690 203 1744 ;
226 1676 394 1757 propterea
414 1677 521 1735 autem
543 1688 616 1734 mcx
638 1669 761 1735 Solonis
782 1689 844 1734 non
866 1670 1000 1736 Periclis
1021 1669 1125 1756 legem
1149 1674 1280 1738 recitat.

161 1789 276 1856 Nothis
307 1809 346 1855 ex
379 1787 558 1854 concubina
588 1788 657 1853 cive
681 1789 780 1853 attica
805 1789 890 1855 natis
914 1796 985 1875 post
1009 1789 1142 1857 Periclis
1166 1799 1311 1879 tempora

116 1911 258 1976 civitatis
303 1910 354 1975 ius
388 1908 488 1975 fuisse
521 1907 614 1995 dini3¹
640 1907 724 1995 quod
758 1910 869 1994 paucis
903 1909 1125 1976 demonstrare
1161 1913 1307 1980 conabor.

115 2030 261 2118 Pyrrhus
275 2029 299 2116 ¹)
332 2049 371 2095 ex
401 2028 598 2106 concubina,
630 2028 795 2094 Nicodemi
827 2048 955 2106 sorore,
989 2029 1086 2096 tiliam
1112 2034 1310 2117 procreavit,

114 2159 224 2238 postea
248 2149 349 2215 lilium
375 2148 554 2234 adoptavit;
578 2148 618 2214 de
642 2147 693 2214 his
716 2157 825 2215 orator
848 2151 911 2215 ita:
935 2170 992 2216 »co
1012 2152 1230 2245 autemquod
1249 2151 1311 2219 lra-

70 2297 73 2302 ·
113 2279 196 2337 trem
220 2288 328 2335 meum
352 2267 566 2353 adoptaverit,
587 2268 673 2334 illam
699 2271 826 2335 veroin
852 2270 1019 2356 phrateras
1041 2290 1104 2336 non
1125 2271 1309 2350 induxerit,

112 2391 197 2456 hanc
232 2389 375 2475 quidem,
410 2386 494 2472 quod
527 2406 599 2452 eum
636 2387 784 2466 decebat,
817 2409 875 2474 pro
907 2391 1034 2475 spuria,
1065 2389 1201 2458 fratrem
1233 2411 1338 2458 vero.

112 2530 222 2577 metim
255 2507 405 2575 heredem
438 2506 593 2574 bonorum
627 2528 759 2573 suorum
791 2508 1000 2575 declaravil.’'
1057 2511 1173 2577 Filiam
1207 2511 1309 2579 hance

113 2630 247 2720 Pyrrhi,
281 2628 392 2694 Philen
425 2629 492 2693 sive
522 2626 694 2694 Clitareten
726 2634 942 2706 nominatam,
973 2629 1098 2697 Endins
1121 2631 1183 2696 civi
1208 2634 1309 2699 attico

112 2751 295 2838 despondit,
318 2748 449 2815 Xenocli
473 2748 642 2836 Copri02),
664 2749 787 2814 etribu
809 2749 1076 2836 Hippothontide;
1096 2752 1147 2816 ius
1165 2751 1309 2817 civitatis

112 2872 213 2958 igitur
237 2871 291 2936 isti
316 2868 426 2935 Philae
448 2867 632 2954 negandum
661 2888 730 2934 esse
754 2888 818 2933 non
838 2867 981 2945 videtum
1002 2870 1198 2957 despondere
1217 2871 1307 2936 enim

111 2992 298 3079 peregrinas
315 3009 407 3056 casve
419 2988 537 3054 ducere
551 2987 637 3053 nullo
650 2988 743 3053 modo
756 2987 890 3067 licebat,
904 3010 1006 3076 neque
1019 2999 1152 3077 apparet
1164 2990 1307 3056 lindiam

109 3120 241 3199 propter
271 3111 354 3175 hanc
377 3109 620 3195 desponsionem
646 3129 746 3193 poena
770 3108 819 3175 vel
844 3111 979 3176 minima
1004 3109 1158 3176 afflictum
1183 3111 1307 3200 essei).

156 3231 218 3297 Sed
251 3228 478 3296 revertendum
510 3228 549 3293 ad
577 3228 680 3312 legem
702 3230 891 3314 primariam
917 3229 1056 3307 Solonis,
1080 3249 1144 3316 qua
1168 3231 1259 3296 nothi
1288 3251 1305 3296 a

109 3360 243 3438 paterna
267 3347 445 3415 hereditate
468 3345 737 3421 excludebantur;
760 3356 889 3433 praeter
912 3347 1136 3435 Aristophanis
1161 3352 1306 3416 testimo·

110 3472 200 3536 nium
233 3470 314 3536 lsaci
346 3476 393 3534 est
426 3467 531 3545 locus,
563 3465 618 3533 uhi
649 3487 686 3534 ea
710 3478 998 3543 eornmemcratur;
1022 3478 1055 3535 at
1079 3489 1143 3534 non
1166 3470 1307 3557 amplius

110 3589 233 3656 Solonis
256 3589 307 3655 lex
331 3596 396 3665 est,
421 3608 496 3653 nam
521 3587 664 3653 Euclidis
687 3595 824 3654 aetatem
851 3588 948 3654 refert
972 3595 1002 3653 et
1027 3588 1223 3668 ἀγχιστείας
1248 3611 1305 3656 vo-

109 3710 221 3776 cabulo
245 3710 315 3788 plt'
340 3711 420 3789 ἱερῶν
442 3707 512 3785 pll'
533 3682 618 3773 dolor
642 3715 857 3774 accesserunt.
907 3707 1025 3791 Legem
1049 3709 1151 3794 ipsam
1174 3709 1234 3777 tihi
1253 3730 1306 3777 ex-

109 3896 316 3910 *-

147 4012 175 4077 1)
195 4012 227 4061 ls.
248 4006 279 4058 de
300 4004 392 4078 Pyrrhi
414 4003 465 4056 her.
487 4023 509 4074 p.
522 4007 571 4068 45,
592 4002 606 4070 ᾗ
628 4004 670 4053 75.

144 4099 175 4166 2)
192 4095 227 4149 ib.
248 4115 270 4166 p.
282 4098 333 4159 38,
354 4095 368 4162 ᾗ
390 4096 424 4159 23
442 4091 564 4157 Κόπριος
583 4087 722 4161 legendum
743 4106 794 4142 esse
813 4107 859 4160 pro
878 4087 1002 4155 Κύπριος
1020 4090 1081 4144 satis
1101 4101 1219 4160 constat,
1239 4111 1302 4147 eum

107 4202 201 4238 nomen
221 4182 300 4236 huius
320 4181 389 4234 demi
409 4199 438 4234 ex
459 4178 579 4234 Bocchhii
599 4181 625 4231 C.
646 4182 666 4232 l.
685 4181 730 4232 Gr.
751 4183 778 4243 l,
797 4196 821 4250 p.
833 4182 887 4231 216
911 4178 1057 4233 innotuerit
1076 4188 1103 4232 et
1123 4188 1255 4252 praetereo
1275 4183 1303 4235 in

108 4276 181 4326 nem.
201 4290 236 4325 or.
258 4290 302 4343 pro
320 4289 370 4324 cor.
391 4290 415 4343 p.
427 4272 495 4336 cta,
517 4269 577 4336 §73
599 4267 716 4320 meliores
736 4266 811 4333 libri,
831 4267 858 4319 in
879 4267 974 4340 quihus
994 4268 1036 4334 Σ,
1056 4266 1204 4329 Εὔβουλος
1219 4269 1304 4334 Μνη-

109 4360 205 4412 σιθέου
221 4359 344 4426 Κόπριος
362 4379 408 4432 pro
429 4358 536 4429 vulgata
555 4356 665 4408 lectione
682 4353 807 4420 Κύπριος
825 4354 972 4427 praebcant.

146 4455 175 4522 3)
195 4449 225 4505 cl.
246 4468 322 4523 supra
343 4469 366 4522 p.
380 4454 428 4515 to,
449 4466 475 4500 n.
495 4450 511 4497 2
532 4445 564 4497 de
585 4444 630 4498 hcc
646 4441 820 4516 ‹lespondcndi
840 4461 938 4515 genere.
