2842 5018
637 287 675 348 41

56 476 167 534 tamen
199 486 395 554 quemquam
425 466 533 534 saltere
556 470 733 554 potuisset,
759 487 833 534 oum
858 487 969 533 omnes
993 469 1112 554 optime
1135 467 1249 531 merni-

54 588 180 652 niss'ent
212 589 380 653 universas
411 608 486 674 opes
516 588 618 652 ¹trium
653 587 847 652 talentorum
878 585 996 663 fuisse,
1020 605 1159 673 quorum
1184 587 1247 650 tria

54 705 145 771 milia
165 704 394 771 drachmarum
416 707 479 770 iam
501 713 623 771 sextam
645 713 768 791 partem
790 704 950 784 efficiunt,
964 707 1098 771 minime
1112 715 1147 772 ut
1160 724 1247 771 nuuc

54 823 175 891 dixisse
198 824 342 891 ereditur
366 845 413 891 ne
436 824 641 890 decimam
664 825 828 910 quidem
855 834 1024 909 partem.

100 944 169 1010 Iarn
193 945 363 1029 attigimus
385 944 488 1029 legem
513 944 553 1010 de
576 944 725 1031 epicleris
749 965 788 1010 ex
811 945 924 1009 infima
948 945 1049 1010 classe
1070 945 1190 1009 civium
1205 943 1251 1031 ¹);

54 1063 135 1130 haec
158 1084 233 1130 vero
253 1083 339 1130 nunc
361 1062 589 1150 pertractanda
608 1070 640 1128 et
662 1070 818 1148 quantuni
840 1062 910 1129 lieri
931 1072 1034 1149 potest
1055 1061 1247 1128 illustranda

55 1191 116 1250 est.
165 1182 199 1248 Si
230 1181 432 1269 Posidippi2)
464 1182 667 1268 aliorumque
694 1161 820 1248 fabulae
844 1185 1036 1269 superstites
1059 1191 1167 1249 essent
1190 1191 1247 1248 aut

55 1302 210 1369 Dinarchi
233 1305 336 1368 oratio
361 1303 399 1368 de
423 1303 661 1389 Aristophootis
686 1302 749 1367 filia
763 1304 809 1388 ³),
828 1302 913 1368 hand
939 1303 1034 1370 dubie
1058 1304 1133 1370 inde
1157 1305 1248 1390 prin·

55 1424 177 1510 ciprum
201 1423 393 1490 duceremus
418 1423 515 1489 huius
540 1424 618 1508 legis
642 1423 863 1509 exponendam
888 1434 921 1489 at
946 1423 1053 1489 invida
1077 1432 1166 1490 aetas
1191 1423 1252 1489 lra-

56 1563 131 1611 rum
168 1542 247 1609 nulli
283 1544 437 1629 pepercit.
486 1544 522 1609 In
558 1543 702 1608 oratione
736 1550 845 1608 autern
881 1543 953 1608 adv.
990 1544 1202 1609 Macartatum
1222 1541 1248 1630 ⁴)

58 1668 163 1738 αὐτοῖς
187 1666 277 1750 quasi
302 1665 418 1744 ῥήμασι
438 1663 518 1748 legis
538 1662 676 1729 lormula
696 1672 821 1730 servata
843 1673 908 1740 est,
929 1683 1011 1749 quae
1034 1671 1154 1741 tamen,
1174 1681 1249 1729 cunr

13 1951 20 1964 ·
99 1922 129 1987 1)
149 1921 278 1988 p.1u‚n.
300 1921 325 1968 4.

100 2009 131 2074 2)
150 2008 269 2076 Harpoer.
293 2023 314 2056 r.
337 2006 431 2066 θῆτες.

98 2095 130 2161 3)
150 2091 184 2145 ld.
205 2111 227 2146 v.
246 2091 377 2147 έπέδικος,

97 2184 128 2250 4)
148 2179 306 2249 [ὓειασεῑλι.]
325 2199 350 2252 p.
362 2182 451 2244 1067,
473 2182 486 2248 p
507 2184 556 2233 ul:
578 2183 632 2230 τῶν
657 2179 809 2249 ἐπικλήρων
838 2181 894 2231 ὅσοι
912 2184 1031 2247 θητικόν
1048 2184 1188 2253 τελοῦσιν,
1208 2185 1253 2236 ἐὰν
1313 2201 1316 2207 ·
1360 2239 1367 2252 ,

57 2273 98 2336 μὴ
121 2267 261 2333 βούληται
286 2265 363 2332 ἐχειν
386 2265 401 2314 ό
421 2266 561 2331 ἐγγύτατα
579 2268 673 2332 γένους
690 2269 826 2320 ἐκδιδότω
843 2271 955 2327 ἐπιδοὺς
972 2271 986 2319 ό
1004 2271 1053 2330 μέν
1070 2288 1252 2324 πεντακοσιο-

55 2352 191 2415 μέδιμνος
207 2350 391 2405 πεντακοσίας
404 2350 544 2416 δραχμὰς,
564 2350 578 2399 ό
597 2352 624 2400 δ’
644 2352 747 2409 ἱππεὺς
764 2355 936 2420 τριακοσίας,
955 2352 969 2402 ό
988 2353 1020 2402 δέ
1038 2357 1172 2422 ζευγόεης
1187 2356 1253 2407 ἕκα-

57 2436 108 2485 τόν
134 2434 310 2499 πεντήκοντα
330 2433 397 2499 πρὸς
415 2437 473 2489 τοῖς
492 2432 593 2498 αὐτῆς·
614 2435 660 2482 ἐὰν
676 2433 708 2483 δέ
726 2433 838 2492 πλειους
855 2421 918 2486 οἷσιν
936 2437 964 2484 ἐν
980 2437 1018 2503 τῷ
1039 2437 1114 2504 αὐτῷ
1127 2437 1202 2501 γένει
1218 2444 1253 2502 τῇ

57 2515 194 2584 ἐπικλήρῳ
220 2515 287 2582 πρὸς
312 2513 393 2580 μέρος
414 2514 573 2564 ἐπιδιδόναι
601 2511 731 2568 ἕκαστον.
750 2518 795 2566 ἐὰν
814 2518 842 2567 δ’
865 2518 895 2567 αλ
912 2525 1042 2582 γυναῖκες
1058 2519 1171 2578 πλελους
1189 2504 1253 2584 οἶσι,

58 2601 96 2664 μὴ
117 2599 270 2661 ἐπάναγκες
296 2588 367 2644 εἶναι
392 2596 476 2644 πλέον
503 2597 519 2660 ἢ
546 2598 613 2657 μέαν
641 2600 771 2649 ἐκδοῦναι
802 2600 839 2666 τῷ
854 2601 942 2664 γένει.
961 2601 1031 2651 ἀλλὰ
1045 2603 1093 2650 τόν
1110 2601 1255 2665 έγγότατα

60 2681 109 2731 δεῖ
123 2679 268 2729 ἐκδιδόναι
285 2679 301 2743 ἢ
320 2677 407 2726 αὐτὸν
425 2677 515 2743 ἐχειν,
536 2679 582 2727 ἐὰν
601 2677 633 2728 δέ
652 2672 760 2750 μὴ’ἐχῃ
778 2681 791 2729 ό
810 2682 952 2746 ἐγγύτατα
969 2684 1064 2747 γένους
1081 2684 1097 2747 ἢ
1116 2687 1153 2748 μὴ
1167 2683 1252 2750 ἐκδῷ,

62 2762 76 2812 ό
101 2762 192 2830 ἄρχων
212 2759 427 2825 ἐπαναγκαζέτω
445 2760 461 2824 ό]
486 2760 572 2809 αὐτόν
593 2761 669 2826 ἐχειν
686 2765 702 2828 ἢ
720 2765 863 2830 ἐκδοῦναι,
880 2766 925 2814 ἐόν
944 2763 976 2814 δέ
993 2771 1030 2831 μὴ
1044 2767 1220 2831 ἐπαναγκάσῃ
1240 2765 1253 2813 ό

60 2845 151 2913 ἄρχων
170 2844 300 2904 ὀφειλέτω
318 2843 410 2909 χιλίας
429 2843 556 2910 δραχμὰς
574 2846 649 2913 ἱερὰς
666 2848 701 2909 τῇ
723 2845 818 2914 Ἥρᾳ.
837 2847 1019 2915 ἀπογραφέτω
1037 2846 1069 2897 δέ
1088 2850 1182 2913 τὸνμὴ
1193 2863 1256 2897 ποι-

63 2929 151 2978 οῦντα
169 2927 262 2975 ταῦτα
282 2924 295 2973 ό
315 2924 483 2986 βουλόμενος
500 2927 568 2994 πρὸς
586 2928 634 2976 τόν
653 2925 784 2995 ἄρχοντα.
823 2933 853 2982 In
875 2929 915 2982 his
933 2930 991 2982 dedi
1011 2949 1048 2983 vs,
1066 2935 1095 2982 4:
1114 2930 1181 2996 πρὸς
1198 2937 1258 2987 τοῖς

62 3015 151 3080 αὐτῆς
176 3035 220 3087 pro
252 3015 358 3088 vulgato
387 3014 454 3082 πρὸς
482 3007 522 3072 οἷς
551 3014 647 3081 cirtica
689 3017 764 3085 Quod
794 3015 839 3069 alii
868 3017 956 3070 eodem
981 3035 1015 3069 ns.
1037 3034 1082 3088 pro
1101 3014 1146 3063 ido
1170 3014 1257 3082 δὲμὴ

63 3103 177 3160 πλειους
195 3089 258 3154 ὦσιν
275 3104 303 3152 έν
319 3103 358 3170 τῷ
376 3102 451 3170 αὐτῷ
469 3103 543 3168 γένει
562 3103 648 3177 legere
668 3104 809 3158 voluerunt
828 3103 874 3152 ἐὰν
892 3101 925 3153 δέ
943 3103 1055 3161 πλείους
1071 3088 1148 3173 οἷσιν,
1172 3103 1259 3159 liben-

62 3193 163 3247 tissime
191 3191 305 3265 arripui‚
325 3211 386 3246 uam
406 3210 490 3246 sermo
509 3201 547 3244 est
568 3191 600 3245 de
620 3193 741 3264 proximis
761 3183 876 3265 cognatis
895 3211 946 3245 non
965 3190 997 3246 de
1016 3192 1140 3266 epicleris.
1181 3194 1258 3248 Deui-

61 3300 115 3357 que
143 3279 277 3335 restabant
308 3280 386 3334 verba
413 3279 572 3334 difficillima
596 3283 633 3345 μὴ
649 3281 802 3346 ἐπάναγκες
820 3271 891 3331 εἶναι
908 3279 993 3330 πλέον
1009 3280 1026 3345 ἢ
1043 3283 1110 3340 μίαν
1126 3282 1258 3332 ἐκδοῦναι

62 3367 101 3436 τῷ
120 3367 209 3437 γένει,
229 3366 298 3417 ἀλλὰ
316 3369 365 3417 τὸν
382 3368 524 3433 ἐγγύτατα
541 3367 589 3418 δεῖ
602 3368 746 3419 ἐκδιδόναι
763 3370 779 3433 ἢ
799 3370 885 3419 αὐτόν
903 3368 995 3435 ἐχειν.
1012 3371 1058 3420 ἐὰν
1078 3368 1109 3419 δέ
1125 3375 1163 3435 μὴ
1179 3369 1255 3438 κτλ,

61 3471 145 3527 quae,
166 3461 197 3506 ut
212 3451 381 3523 legebantur,
401 3452 467 3506 nihil
492 3450 550 3506 nori
568 3451 619 3524 legi
639 3451 783 3518 addebant,
803 3471 865 3505 nam
880 3453 957 3507 initio
976 3453 1108 3527 legislator
1130 3454 1184 3508 iam
1203 3464 1259 3509 ata·

61 3548 153 3595 tuerat
172 3540 319 3613 proximum
338 3550 478 3616 cognatum
499 3538 592 3593 debere
612 3539 706 3593 ducere
725 3550 773 3594 aut
788 3539 886 3594 elocare
906 3543 1023 3605 θῆσσαν.
1062 3540 1171 3595 Addidit
1183 3559 1256 3595 uero:

61 3629 88 3684 si
109 3629 229 3702 plures
248 3637 327 3682 sunt
346 3627 429 3694 ἐντῷ
448 3626 524 3693 αὐτῷ
542 3627 632 3693 γένει,
661 3646 748 3682 suam
777 3629 915 3702 quisque
944 3638 1069 3701 purtem
1093 3627 1181 3682 dotis
1200 3631 1258 3683 tri·

62 3717 163 3786 buat3
192 3717 221 3766 ἐν
246 3714 284 3784 τῷ
312 3714 388 3782 αὐτῷ
416 3714 490 3779 γένει
517 3713 664 3787 significare
683 3714 761 3770 debet
780 3717 812 3769 in
834 3716 940 3770 eadem
960 3727 1070 3790 gente,
1090 3717 1190 3789 plures,
1210 3719 1258 3792 qui

62 3805 170 3860 eodem
189 3806 289 3880 gradu
306 3804 416 3877 proximi
435 3803 538 3875 cognati
558 3813 635 3870 aunt3
656 3803 681 3856 si
701 3822 772 3857 vero
793 3804 943 3857 mulieres
962 3803 1070 3876 plures
1089 3814 1177 3872 sunt,
1197 3825 1257 3859 non

62 3912 192 3948 necesse
221 3903 269 3948 est
298 3892 442 3966 singulos
464 3891 626 3964 singulas,
655 3892 706 3946 sed
725 3890 1019 3946 suflicitornnibus
1045 3894 1100 3966 qni
1119 3902 1194 3946 sunt
1213 3912 1258 3948 eo-

61 3983 130 4036 dem
158 3983 260 4055 gradu
286 3980 489 4056 cognationis
516 3998 610 4032 unam
638 3979 769 4034 elocare.
810 3980 856 4032 llic
876 3979 937 4032 finis
956 3990 994 4033 est
1013 3982 1156 4035 sententiae
1174 3992 1201 4036 ct
1219 3983 1258 4036 in-

62 4070 129 4143 cipit
158 4089 224 4126 nova
250 4088 308 4143 pars
334 4068 413 4141 legis:
434 4065 503 4115 ἀλλὰ
519 4067 567 4115 τόν
584 4066 726 4131 ἐγγύτατα
745 4068 792 4117 δεῖ
809 4066 951 4117 ἐκδιδόναι
968 4068 985 4130 ἢ
1002 4067 1088 4118 αὐτόν
1105 4067 1197 4137 ἔχειν,
1215 4071 1260 4120 ἐὰν

64 4157 98 4209 δὲ
123 4163 161 4224 μὴ
184 4157 234 4226 ἔχῃ
252 4157 266 4208 ό
282 4156 425 4223 ἐγγύτατα
442 4153 569 4220 γένουςῆ
588 4158 625 4220 μὴ
642 4155 728 4222 ἐκδῷ,
748 4154 805 4207 κτὲ.
846 4158 899 4208 Non
921 4156 1027 4230 quidem
1047 4175 1111 4231 opus
1130 4175 1182 4212 esse
1202 4177 1262 4212 ver·

64 4249 106 4303 his
129 4269 197 4326 quae
221 4267 251 4303 ex
271 4248 355 4321 priore
374 4245 504 4300 sententia
520 4244 546 4296 in
565 4242 676 4296 alteram
695 4244 819 4298 transtuli
839 4244 962 4312 concedo,
983 4244 1038 4311 aed,
1063 4267 1123 4301 cum
1144 4265 1196 4301 nou
1216 4252 1260 4301 So-

63 4337 132 4393 lonis
148 4337 193 4392 sed.
211 4337 358 4411 impostoris
377 4334 454 4389 rerba
475 4332 522 4386 hac
538 4330 651 4385 formula
670 4331 868 4398 contineantur,
890 4331 962 4387 nolui
978 4333 1063 4390 delere
1082 4355 1149 4410 qnae
1171 4346 1261 4390 aucto·

65 4426 102 4482 rio
130 4426 220 4482 liubita
250 4427 350 4482 ratione
374 4443 424 4480 non
445 4423 482 4478 ita
503 4439 620 4496 peruerse
639 4421 709 4477 dicta
728 4431 806 4490 sunt,
828 4432 858 4477 ut
877 4422 983 4479 omnino
1001 4422 1104 4480 defendi
1123 4435 1263 4498 nequeant.

1078 4515 1095 4564 6
