2842 5018
668 303 731 364 188

108 486 252 563 sthenes,
283 486 408 572 opinor,
432 505 494 552 non
519 486 710 572 neglexisset
733 485 773 553 de
796 505 877 553 nova
900 487 965 553 ista
987 480 1100 551 lr'aude
1123 482 1295 570 conqueri,

108 605 192 693 quod
216 616 324 673 tamen
345 626 503 693 nusquam
526 605 615 674 iacit.
664 604 783 674 Onetor
806 617 915 673 autem
937 614 969 672 et
992 604 1144 693 Aphohus
1168 611 1296 671 conten·

107 726 225 793 debant
247 728 348 793 istum
370 725 507 793 fundum
529 728 564 793 in
588 727 670 794 hanc
694 727 800 794 dotem
821 729 1066 814 oppigneratam
1087 744 1173 792 esse:
1195 726 1296 811 igitur

108 847 147 914 de
177 848 283 934 priore
315 848 576 935 oppigneratione
605 847 714 914 nullus
743 855 849 934 potest
879 866 949 913 esse
973 866 1097 920 sermo,
1123 854 1157 912 et
1181 846 1295 913 Demo-

107 968 231 1034 sthenis
262 968 414 1034 vocabula
444 968 573 1035 laudata
603 967 663 1035 hoc
694 976 822 1035 tantum
853 967 1038 1054 significant
1068 964 1297 1034 Onetorem

110 1090 311 1156 timuisse
344 1109 392 1156 ne
426 1088 622 1176 Aphohus
655 1087 938 1155 damnaretur
971 1085 1138 1154 tutelae
1168 1106 1298 1173 praue

111 1217 276 1296 gestae,
299 1230 378 1296 quo
401 1209 516 1276 lacto
540 1208 815 1277 Demostheni
839 1210 905 1275 ius
923 1205 1242 1274 concederetur
1260 1209 1297 1275 in

111 1331 238 1399 huius
260 1330 383 1408 hona,
410 1325 478 1397 non
498 1340 605 1398 autem
630 1337 762 1417 propter
784 1328 919 1397 tutelam
943 1330 1063 1415 ipsam,
1088 1326 1146 1394 sed
1169 1337 1297 1416 propter

111 1451 361 1519 damnationem.
409 1452 465 1517 llis
486 1461 575 1518 recte
597 1451 771 1538 disputatis
792 1471 886 1537 spero
904 1449 972 1519 lore
992 1459 1029 1517 ut
1047 1451 1297 1519 controversiam

111 1572 150 1638 de
174 1574 272 1638 tacito
294 1571 348 1637 illo
371 1572 503 1657 pignore
526 1570 619 1659 plane
643 1571 829 1638 diremerim
843 1571 883 1660 ¹).

97 1720 101 1728 ·
158 1693 284 1760 Patriae
314 1693 480 1780 potestatis
507 1693 666 1760 terminus
689 1701 759 1760 erat
782 1701 928 1780 tempus,
949 1711 1014 1778 quo
1037 1691 1123 1759 filius
1142 1690 1292 1758 inscribe·

110 1813 208 1881 batur
228 1812 347 1881 tahulis
370 1812 626 1901 laxiarchiois²);
650 1822 772 1881 tutores
791 1824 898 1880 tamen
921 1814 985 1901 ipsi
1006 1833 1074 1879 non
1096 1832 1215 1900 semper
1234 1832 1292 1878 eu·

111 1935 226 2002 rabant
258 1943 295 2001 ut
325 1934 439 2023 pupilli
462 1935 735 2012 inscriberentur,
759 1934 903 2000 occurrit
925 1934 1011 2002 enim
1034 1931 1218 2020 exemplum
1239 1933 1299 1999 lle·

111 2056 288 2123 mosthenis
311 2055 367 2141 qui
389 2055 424 2119 in
447 2055 690 2122 Paeaniensium
710 2053 827 2121 librum
849 2055 1028 2142 inscriptus
1046 2062 1096 2122 est
1115 2052 1301 2121 Philodamo

111 2176 238 2244 demota
261 2186 395 2243 curante
408 2176 445 2264 ³).

157 2296 352 2385 Pupillus
375 2316 465 2363 cum
486 2297 552 2361 vir
572 2294 717 2363 factus
736 2302 866 2373 esset,
886 2295 959 2361 hoc
977 2296 1072 2383 ipso
1090 2293 1300 2362 liberaba-

111 2427 181 2484 tur
214 2417 416 2489 tutela.et
451 2436 592 2484 curam
615 2417 679 2482 sni
708 2418 846 2504 ipsius
876 2435 1022 2501 gerere
1052 2414 1297 2503 incipiebat.

113 2539 155 2606 Ut
183 2545 291 2606 autern
316 2537 432 2625 duplex
455 2546 525 2604 erat
548 2537 632 2603 ratio
653 2537 772 2603 tutoris
794 2555 891 2603 curae
914 2537 948 2602 in
972 2536 1086 2624 pupilli
1107 2537 1226 2624 opibus
1245 2555 1299 2622 gc·

112 2661 238 2738 randis,
268 2663 315 2726 sic
336 2661 434 2726 etiam
456 2659 642 2746 patrimonii
665 2657 842 2746 recipiendi
866 2657 928 2725 duo
952 2657 1039 2724 modi
1061 2657 1186 2745 pupillo
1209 2658 1301 2724 insti-

112 2784 175 2847 tuti
199 2791 301 2852 erant.

158 2903 289 2969 Tutor
319 2902 410 2987 ipse
439 2920 528 2965 cum
553 2899 711 2986 pupilli
736 2919 818 2966 rem
842 2898 1101 2966 familiarem
1125 2896 1302 2965 admini-

113 3030 310 3101 strasset,
333 3021 400 3088 hic
423 3023 487 3087 vir
509 3022 651 3089 factus
674 3031 822 3107 gestae
842 3021 1008 3089 tutelae
1028 3021 1302 3106 rationespo·

112 3142 314 3232 scehatt),
349 3142 453 3229 qualis
481 3142 577 3224 ,λόγου
607 3144 789 3232 exemplum
820 3145 885 3212 iam
916 3143 1085 3211 attulimus
1116 3161 1155 3209 ex
1186 3140 1301 3230 Lysiae

117 3314 322 3330 m

149 3427 180 3490 1)
206 3423 310 3479 Platner
329 3423 387 3494 (der
405 3442 473 3498 proc.
492 3427 535 3492 11,
555 3425 636 3495 287),
657 3433 689 3478 nt
707 3422 814 3479 fortasse
832 3441 935 3499 quoque
952 3421 1016 3491 alii,
1035 3439 1149 3497 quorum
1168 3439 1236 3477 nune
1254 3439 1296 3475 ex·

112 3512 212 3586 plorare
233 3533 284 3568 non
312 3513 389 3570 lubet
412 3514 461 3568 hae
485 3513 519 3568 de
547 3533 576 3567 re
604 3515 759 3583 sententias,
788 3512 852 3568 dicit
883 3512 1081 3568 demosthenem
1104 3512 1189 3587 legem
1204 3509 1295 3567 efferre

112 3600 190 3656 »dass
219 3602 364 3679 derjenige‚
394 3603 504 3658 welcher
531 3604 588 3657 eine
604 3603 830 3678 ungerechtiglreit
850 3605 947 3659 zuliisst
969 3601 1024 3658 und
1043 3601 1191 3670 vertuscht‚
1209 3620 1237 3672 so
1253 3620 1297 3656 an-

112 3691 220 3765 geseheu
243 3695 344 3748 werden
370 3693 447 3763 susse,
474 3694 512 3748 als
540 3693 572 3746 oh
597 3713 625 3746 er
650 3695 686 3747 sie
711 3693 792 3748 selhst
809 3694 915 3767 hegehe:
938 3691 994 3746 und
1012 3688 1299 3766 demznlolgedasselbe

113 3780 234 3856 sclurldig
262 3799 319 3857 sep,
343 3802 392 3838 was
421 3783 467 3836 der
486 3782 596 3837 urhebor
611 3783 718 3836 solhst.¹’
757 3789 826 3838 llanc
845 3802 904 3838 vero
922 3782 1006 3856 legem
1026 3801 1076 3848 pon
1092 3780 1218 3845 tractavi,
1238 3777 1299 3854 quia

112 3872 184 3925 locus
199 3871 245 3924 ille
263 3871 343 3941 (περὶ
360 3871 409 3933 μὲν
425 3874 477 3939 γὰρ
496 3855 532 3922 ὧν
548 3875 737 3939 καθυφεῖκας,
755 3873 837 3935 νόμος
853 3871 913 3924 ἔστι
929 3871 1085 3940 διαρρήδην
1100 3869 1129 3927 ὃς
1142 3867 1253 3919 κελεύει
1269 3881 1298 3917 σε

113 3957 209 4021 ὁμοίως
231 3959 416 4030 ὀφλισκάνειν,
438 3961 591 4031 ὡσπερανεὶ
622 3962 706 4021 αὐτὸς
734 3961 819 4035 ἔχοις)
837 3963 935 4036 legitur
949 3963 977 4016 in
996 3972 1062 4016 orat.
1081 3961 1139 4016 adv.
1158 3956 1298 4032 Aphohurn

112 4050 144 4103 de
171 4049 235 4104 falso
260 4052 358 4108 testim.
377 4073 401 4126 p.
413 4058 478 4122 855,
498 4056 513 4124 p
533 4058 582 4123 36,
601 4073 669 4129 quae
685 4072 769 4128 neque
787 4073 802 4107 a
820 4053 987 4108 Barnosthene
1002 4071 1087 4128 neque
1104 4049 1136 4105 ah
1157 4047 1238 4101 huius
1258 4064 1299 4099 ae·

112 4139 185 4214 quali
212 4151 311 4196 oratore
335 4140 426 4196 hahita
449 4152 487 4195 est
515 4141 560 4211 (cl
583 4163 608 4216 p.
619 4148 688 4211 101,
716 4165 742 4198 n.
763 4146 802 4216 1).
850 4147 941 4216 Legem
971 4161 1029 4198 vero
1057 4141 1095 4196 ita
1123 4158 1148 4194 se
1178 4135 1300 4192 habuisse

113 4229 218 4285 omnino
237 4250 287 4284 non
307 4250 378 4304 nego.

150 4322 180 4388 2)
199 4317 231 4373 cf.
251 4323 353 4392 p.138,
374 4341 398 4374 n.
419 4325 443 4375 2.

150 4413 179 4479 3)
199 4409 287 4464 dasch.
308 4410 339 4463 de
359 4414 385 4463 F.
406 4416 432 4463 L.
454 4431 476 4482 p.
489 4415 539 4478 48,
560 4414 574 4479 §
596 4416 656 4465 150.

149 4501 179 4568 l)
199 4499 328 4556 Demosth.
350 4519 393 4572 pro
413 4500 513 4556 Phorm.
534 4521 557 4573 p.
569 4503 637 4567 950,
659 4502 672 4568 h
692 4504 734 4554 20.
