2842 5018
725 245 765 306 m

150 429 387 499 smotlretas
412 430 595 496 institui
619 438 678 507 et,
697 431 733 495 si
757 449 883 495 eausa
907 428 1084 505 cadant,
1111 448 1181 494 nos
1201 429 1242 493 iu
1266 447 1348 496 ser·

148 553 332 619 vitutem
357 550 481 616 vendi
507 549 628 616 iubet
651 549 729 618 lex.

192 671 359 757 Nusquam
376 679 549 758 praeterea
570 670 674 736 <huius
698 671 777 756 legis
799 672 921 736 mentio
942 671 976 736 iit
988 716 996 750 ,
1018 667 1101 755 quod
1123 669 1268 754 grauiter
1288 668 1341 734 do·

147 789 213 864 leo;
246 811 331 856 nuue
363 792 449 857 euim
481 791 562 857 bene
594 791 695 857 mulla
726 809 808 876 quae
840 790 914 855 inde
948 771 1272 856 luerint'ennseeuta
1298 787 1346 852 di·

147 910 287 976 vinanda
318 911 558 998 relinquuntur.
606 912 670 978 Nee
705 910 805 977 ullum
839 911 1061 977 testimonium
1088 910 1253 975 invenitur
1276 929 1341 994 quo

147 1030 364 1098 diiudieemus
398 1041 507 1098 utrum
531 1032 582 1098 lex
604 1033 704 1097 altiea
731 1051 844 1096 revera
868 1050 937 1097 sese
962 1032 1006 1096 ita
1031 1028 1196 1107 habuerit,
1222 1037 1258 1095 ut
1280 1029 1341 1096 huo

146 1151 216 1217 loeo
245 1153 418 1218 memoriae
440 1150 567 1238 prodita
589 1160 658 1230 est,
681 1171 722 1217 an
745 1171 849 1218 senus.
899 1150 970 1216 Alio
991 1149 1059 1215 loeo
1073 1149 1097 1236 ¹)
1123 1157 1231 1215 orator
1255 1149 1339 1216 idem

147 1282 376 1358 argumentum
401 1279 560 1349 tractans,
584 1272 662 1338 dieit
689 1291 779 1338 eum
804 1273 873 1356 qui
899 1271 1173 1356 peregrinam
1200 1266 1338 1336 liliam

146 1411 218 1478 pro
249 1413 324 1458 sua
351 1391 635 1478 desponderit
663 1393 749 1457 eivi
782 1392 921 1457 attico
945 1390 1008 1456 vel
1033 1392 1072 1455 iu
1097 1409 1261 1456 summu
1285 1391 1340 1456 di-

148 1514 356 1579 scrimine
383 1514 562 1579 versari.
610 1513 692 1577 lline
717 1513 834 1577 iterum
860 1518 993 1597 apparet
1016 1510 1101 1596 apud
1127 1509 1340 1577 Athenienses

114 1666 116 1670 ·
146 1641 227 1698 tune
249 1634 404 1719 temporis
428 1632 624 1699 connubium
649 1634 734 1698 iuter
756 1632 842 1697 cives
863 1639 896 1697 et
918 1632 1105 1717 peregrines
1129 1650 1191 1696 nun
1216 1630 1337 1708 luisse,

147 1760 179 1817 et
202 1762 368 1839 praeterea
392 1756 451 1827 τοὶς
475 1751 619 1835 ἔσχατος
645 1752 760 1833 ζημίας
783 1758 921 1817 statutas
942 1749 1041 1816 luisse
1062 1747 1173 1816 ennt'ra
1193 1771 1263 1829 eos,
1279 1753 1336 1838 qui

146 1882 259 1939 euutra
289 1873 372 1940 hane
403 1873 506 1960 legem
538 1875 698 1960 egissent3-
728 1882 798 1938 erat
829 1873 915 1937 enim
947 1873 1068 1937 iniusta
1100 1872 1276 1937 insinuatio
1304 1872 1334 1934 in

146 1993 310 2059 civitatem
333 1995 476 2061 atticam.
554 2042 557 2049 -

191 2112 229 2178 In
253 2113 433 2200 Apollodori
457 2115 600 2183 oratioue
626 2123 761 2200 utruque
785 2112 853 2178 ineu
873 2110 1001 2177 additae
1021 2120 1096 2177 snut
1116 2112 1195 2196 legis
1211 2111 1335 2176 formu-

146 2231 213 2307 lae;
243 2234 349 2318 priore
380 2241 505 2301 aulem:
537 2235 590 2300 ἐὰν
620 2235 651 2300 δὲ
680 2233 764 2310 ξένος
794 2234 877 2317 alerii
899 2241 1019 2315 συνοικῇ
1043 2232 1139 2315 τέχνῃ
1164 2234 1180 2309 ἢ
1205 2243 1336 2313 μηχανῇ

145 2355 293 2433 ᾑτινιοῦν,
315 2352 482 2436 γραφέσθω
504 2356 576 2434 πρὸς
600 2354 670 2427 τοὺς
695 2353 880 2432 θεσμοθέτας
903 2352 1070 2428 Ἀθηναιων
1094 2354 1107 2416 θ
1131 2350 1336 2430 βουλόμενος,

144 2467 187 2546 οἷς
218 2470 352 2548 ἔξεστιν·
387 2473 442 2538 ἐθιν
472 2473 503 2536 δὲ
535 2473 601 2553 einai
630 2471 794 2554 πεπροθσθοο
819 2473 872 2538 καὶ
896 2473 988 2546 αὐτὸς
1013 2472 1064 2536 καὶ
1090 2473 1107 2547 θ
1131 2472 1218 2538 οθσθα
1240 2474 1337 2537 αὐτοῦ

145 2593 198 2657 καὶ
224 2592 259 2657 τὸ
280 2594 379 2674 τρίτον
397 2592 485 2676 μέρος
506 2591 583 2659 ἕστο)
605 2599 658 2658 τοῦ
680 2592 815 2666 ἑλόντος.
841 2591 918 2659 ἔστιν
939 2595 971 2658 δὲ
989 2594 1062 2669 αα),
1081 2593 1138 2658 »tuo
1162 2595 1179 2667 ἡ
1199 2590 1269 2668 ξένοι
1292 2594 1335 2672 τῷ

140 2713 231 2794 οἰστῷ
255 2723 374 2796 συνοικῇ
393 2714 479 2778 κοντοὶ
498 2713 622 2780 ταθτοθ·
641 2715 693 2779 καὶ
714 2715 728 2778 ὁ
750 2721 889 2781 συνοικῶν
912 2725 951 2798 τῇ
970 2713 1040 2799 §top
1058 2723 1097 2796 τῇ
1116 2713 1233 2794 οἱλοθσρ
1249 2715 1335 2794 ὄφει·

143 2833 224 2898 niro
247 2833 357 2913 χιλίοις
380 2834 539 2915 δραχμάς.
586 2833 694 2900 Altero
718 2843 825 2900 autem
850 2834 918 2900 loeo
943 2834 1022 2900 haee
1041 2833 1210 2918 leguntur:
1231 2832 1285 2896 ἐθιν
1303 2831 1336 2895 δέ

144 2977 191 3028 τις
227 2955 301 3036 ἐκδῷ
334 2954 421 3031 ξένον
453 2963 590 3034 γυναῖκα
619 2956 700 3036 οὶνδρὶ
734 2956 882 3037 Ἀθηναίῳ
916 2958 955 3026 ὡς
985 2956 1083 3035 ἑαυτῷ
1107 2954 1334 3036 προσήκουσαν,

141 3072 256 3153 ἔντιμος
287 3073 364 3140 ἔστιν
394 3075 450 3141 καὶ
484 3075 614 3151 ἡούσία
637 3079 732 3142 αὐτοῦ
759 3075 892 3154 δημοσία
915 3074 992 3140 ἔστοο
1017 3075 1139 3141 καὶτοῦ
1160 3072 1281 3146 ἑλόντος
1299 3075 1336 3139 τὸ

143 3193 243 3274 τρίτον
263 3193 369 3275 μέρος.
393 3194 577 3278 γραφέσθων
600 3196 631 3259 δὲ
654 3198 726 3278 πρὸς
745 3196 815 3269 τοὺς
839 3195 1023 3274 θεσμοθέτας
1044 3191 1086 3265 οἷς
1105 3192 1225 3271 ἔξεστι,
1239 3192 1337 3259 nadai-

139 3337 201 3396 περ
220 3322 275 3388 τῆς
289 3311 401 3389 ξενίας.
449 3313 506 3378 His
529 3314 637 3400 legum
662 3314 810 3381 formulis
834 3314 914 3380 nihil
938 3314 1139 3401 profluimus:
1157 3333 1230 3378 uam
1252 3333 1336 3399 quae

142 3453 185 3498 ex
215 3431 395 3519 Apollodori
430 3433 534 3500 verbis
565 3434 629 3501 iam
662 3434 856 3511 didieimuS,
889 3455 926 3500 ea
960 3434 1016 3500 tali
1049 3434 1118 3520 lege
1149 3432 1336 3499 confirmari

144 3552 237 3619 nubis
259 3573 322 3618 nnn
345 3572 425 3638 opus
448 3561 509 3628 est;
531 3573 613 3640 quae
633 3574 709 3649 vero
730 3564 894 3641 praeterea
913 3555 946 3619 iu
967 3556 1073 3641 priore
1093 3553 1162 3639 lege
1182 3553 1337 3637 leguntur

145 3674 253 3739 neseio
284 3692 324 3738 an
356 3673 438 3739 mala
472 3693 541 3739 sese
574 3673 726 3748 hebenum
758 3676 814 3760 qui
844 3676 932 3741 enim
965 3675 1048 3740 iuris
1071 3681 1167 3760 atque
1190 3674 1339 3739 iustitiae

143 3793 262 3859 rationi
285 3795 470 3860 conveniret
493 3814 568 3860 eum
592 3795 649 3881 qui
672 3794 839 3861 mulierem
866 3796 1068 3881 peregrinam
1094 3794 1190 3861 huius
1210 3794 1283 3860 dolo
1302 3803 1336 3861 et

142 3911 257 3979 iraude
278 3915 520 3981 circumventus
544 3914 689 3982 duxisset
713 3915 846 3982 multari
867 3916 953 3983 mille
972 3915 1153 3982 drachmis?
1174 3914 1335 4001 Equidem

140 4052 215 4121 eam
247 4033 350 4120 legem
382 4035 473 4102 ssoeei
506 4054 568 4101 nou
601 4035 691 4102 lanio.
741 4037 909 4103 Praeterea
938 4037 1096 4103 iniustum
1126 4035 1208 4102 iuret
1230 4037 1335 4102 civem

138 4154 278 4220 atticum
322 4157 376 4240 qui
411 4157 613 4242 peregrinam
647 4143 791 4223 duxisset
825 4155 974 4235 multari,
1007 4177 1081 4223 eum
1118 4158 1198 4223 eivis
1235 4159 1334 4223 attica

149 4311 354 4324 ᾐω-

181 4423 211 4492 1)
230 4425 354 4494 ροισι,
378 4418 392 4485 u
413 4421 456 4469 52.
