2842 5018
676 254 736 316 144

112 437 232 504 hitores
263 443 372 512 erunt,
405 454 479 501 eum
512 454 629 502 nomen
660 445 692 501 et
725 444 815 520 pater
846 445 878 503 et
905 437 1010 504 trihus
1033 437 1172 523 denique
1196 437 1309 504 omnia

111 556 221 623 eadem
246 555 356 621 iutura
379 554 475 622 siut.''

155 675 217 741 lis
253 675 322 759 qui
364 682 486 760 patre
517 673 677 759 eapitis
707 673 902 741 damnato
934 678 1023 742 nati
1054 684 1179 743 eraut
1214 695 1309 742 eon·

110 793 314 859 cionandi
339 794 433 858 iure
456 791 743 859 interdictum
762 793 907 883 erat¹)‚
930 802 964 859 ut
989 795 1151 871 ereditur,
1176 794 1234 862 sed
1255 795 1310 862 de·

110 910 299 996 plorandum
314 921 363 978 est
374 912 434 978 hae
447 911 485 978 de
498 931 533 977 re
547 910 670 976 nullum
684 915 806 977 certius
818 915 1039 979 testimonium
1053 915 1307 1000 inveniriquam

110 1034 241 1099 serioris
274 1033 426 1108 rhetoris,
459 1033 514 1117 qui
546 1032 706 1097 orationes
730 1041 842 1098 eontra
864 1035 1114 1116 Aristogitonem
1139 1032 1306 1101 conflavit.

155 1151 320 1218 Cornelius
351 1151 454 1236 Nepos
468 1150 493 1238 ²)
526 1149 626 1215 tradit
655 1149 834 1229 Cimonem,
866 1172 941 1218 oum
972 1162 1063 1238 pater
1086 1152 1249 1220 Miltiades
1273 1155 1306 1219 in

109 1271 246 1338 vinculis
278 1271 415 1356 puhlicis
439 1270 628 1350 decessisset
651 1269 736 1356 quod
759 1269 849 1336 litem
873 1271 1075 1337 aestimatam
1101 1272 1221 1359 populo
1244 1273 1308 1339 soi·

109 1410 184 1457 vere
215 1410 276 1454 nou
308 1398 429 1475 posset,
461 1387 570 1454 eadem
604 1388 750 1454 custodia
773 1397 934 1455 retentum
959 1410 1028 1456 esse
1051 1410 1155 1476 neque
1180 1391 1309 1476 legibus

109 1509 354 1595 Atheniensium
386 1509 491 1574 emitti
519 1510 661 1594 potuisse
683 1509 744 1573 nisi
770 1511 939 1594 pecuniam
965 1529 1028 1594 qua
1052 1518 1145 1596 pater
1170 1510 1309 1577 muleta-

110 1636 163 1694 tus
194 1635 278 1694 esset
308 1627 471 1702 solvisset;
501 1626 579 1693 haee
605 1625 666 1709 fuit
690 1647 787 1692 eausa
811 1635 940 1713 propter
964 1649 1079 1714 quam,
1105 1637 1142 1695 ut
1165 1649 1264 1715 supra
1279 1629 1305 1718 8)

112 1748 265 1824 vidimus
287 1747 496 1814 Athenienses
517 1768 590 1812 euna
612 1767 702 1813 suam
726 1746 891 1812 infamiam
913 1749 946 1812 in
968 1769 1042 1814 suos
1062 1749 1178 1815 liberos
1198 1759 1302 1816 trans·

110 1870 158 1935 ire
182 1868 319 1944 nollent,
342 1888 396 1933 eos
420 1866 515 1933 aliam
541 1869 572 1932 in
597 1866 730 1932 domurn
754 1866 950 1953 adoptandos
973 1876 1139 1944 curarent.

155 1988 295 2055 Filius
330 2007 404 2075 pro
444 1997 570 2073 patre
608 1986 815 2053 deiunoto
856 1988 1156 2055 iusiurandum
1191 2009 1309 2076 prae·

111 2117 227 2175 stare
247 2107 441 2185 debehat,
462 2109 495 2172 si
517 2108 614 2193 quis
633 2105 882 2174 defunctum
903 2127 1091 2174 aeousaus
1112 2128 1198 2174 oum
1219 2109 1309 2176 titio

111 2228 266 2295 herede
294 2235 459 2313 ageret,
493 2235 528 2292 ut
562 2247 601 2293 ex
630 2226 754 2293 duobus
786 2235 950 2293 oratorum
984 2227 1062 2294 loeis
1086 2236 1240 2315 apparet;
1265 2228 1310 2295 al·

112 2357 181 2415 tero
192 2347 219 2435 ⁴)
252 2347 330 2413 haee
353 2347 521 2431 leguntur:
547 2365 617 2411 »me
640 2366 697 2431 pro
722 2353 812 2431 patre
836 2347 864 2412 ei
890 2347 1116 2413 iusiurandum
1140 2355 1309 2434 praestare

112 2466 250 2532 voluisse
280 2465 549 2552 quemadmodum
581 2462 632 2532 lex
664 2464 770 2542 iubet,
803 2468 830 2530 si
860 2467 933 2551 quis
957 2475 1121 2532 mortuum
1146 2487 1308 2535 accusans

112 2606 187 2653 eum
217 2586 333 2652 herede
366 2594 455 2672 agat,
478 2584 575 2650 huius
597 2585 644 2650 rei
668 2585 756 2649 vohis
781 2586 1000 2652 testimonium
1027 2606 1100 2653 oum
1125 2587 1198 2673 lege
1222 2589 1306 2655 reei-

113 2705 269 2772 tahitur.''
315 2704 423 2771 Altero
453 2711 561 2771 autem
591 2704 697 2792 loco⁵)
723 2713 831 2770 orator
853 2704 932 2770 dieit
955 2725 989 2771 se
1012 2705 1092 2772 velle
1117 2708 1228 2773 iurare
1254 2708 1307 2775 Ti·

112 2824 277 2891 matheum
303 2826 432 2890 mentiri
453 2832 622 2910 negantem
644 2845 678 2890 se
699 2825 868 2910 pecuniam
889 2844 984 2910 quam
1006 2844 1025 2891 a
1044 2833 1134 2911 patre
1155 2835 1306 2895 mutuam

113 2945 282 3012 sumsisset
314 2942 419 3009 adhue
451 2942 579 3018 dehere;
611 2952 701 3031 pater
723 2943 847 3010 soiiieet
871 2945 1050 3011 moriturus
1074 2955 1228 3013 accurate
1251 2946 1304 3015 de·

112 3065 287 3149 scripserat
317 3081 398 3147 quae
421 3062 482 3127 sihi
505 3060 700 3129 deberentur
726 3063 767 3128 ah
790 3083 982 3150 unoquoque
1006 3064 1203 3140 debitorum;
1230 3086 1308 3152 »ego

113 3184 261 3260 autem,’'
292 3183 398 3267 pergit
429 3190 554 3259 orator,
587 3182 640 3248 »id
674 3182 881 3248 iureiurando
914 3183 1080 3249 Timotheo
1112 3185 1305 3253 confirmare

112 3303 234 3376 volui;''
267 3309 363 3386 atque
394 3320 481 3367 mox:
515 3301 626 3366 »nohis
658 3321 675 3366 a
707 3309 796 3387 patre
827 3302 977 3368 relietum
1006 3322 1077 3369 esse
1099 3303 1304 3371 Timotheum

113 3422 288 3490 debitorem
321 3420 475 3506 pecuniae
506 3420 545 3486 de
576 3439 638 3504 qua
663 3430 774 3484 eontra
798 3438 873 3484 eum
898 3439 957 3504 ago
981 3430 1013 3486 et
1037 3439 1118 3507 quae
1142 3423 1227 3489 mihi
1250 3423 1307 3489 oh-

112 3543 216 3621 venit,
250 3539 350 3607 irater
381 3540 461 3605 mihi
491 3547 629 3606 testatus
661 3546 709 3604 est
742 3548 774 3605 et
803 3539 971 3616 Phormi0,
1000 3541 1056 3625 qui
1079 3544 1255 3626 pecuniam
1277 3545 1306 3611 ei

111 3663 217 3739 dedit,
241 3669 336 3748 atque
360 3679 418 3746 ego
442 3659 500 3726 hoo
525 3658 733 3726 iureiurando
757 3658 949 3725 confirmare
973 3659 1094 3725 volui.'’

157 3784 269 3868 Itaque
292 3779 449 3848 eiusmodi
471 3778 681 3845 iureiurando
700 3799 752 3845 res
772 3779 840 3865 ipsa
862 3798 923 3843 nou
946 3777 1124 3858 iudicatur,
1145 3779 1202 3847 sed
1222 3780 1309 3848 filius

114 3953 313 3970 Μ

151 4053 180 4118 1)
200 4044 357 4118 [demosth]
376 4064 397 4098 c.
418 4046 529 4119 Aristog.
551 4050 575 4113 1,
598 4067 620 4119 p.
634 4049 699 4113 779,
720 4049 735 4116 d
756 4049 799 4099 30.

151 4140 182 4207 2)
202 4135 255 4188 rita
275 4133 399 4202 Cimonis,
419 4153 439 4188 o.
461 4140 486 4188 1.

153 4226 184 4294 3)
203 4224 287 4296 pet,
308 4226 379 4280 n.,1.

153 4316 183 4381 t)
205 4307 362 4380 [hemona]
382 4327 404 4363 c.
425 4311 488 4365 cati.
509 4332 532 4384 p.
545 4316 630 4378 1211,
650 4312 664 4380 t
685 4314 721 4364 17
739 4329 793 4386 sqq.

153 4403 183 4470 5)
202 4395 361 4470 [Demosth]
381 4398 438 4457 adr.
458 4399 571 4456 Timoth.
590 4420 614 4474 p.
626 4402 712 4469 1196,
732 4402 747 4469 d
769 4401 803 4453 12
823 4416 875 4472 sqq.
