2842 5018
732 295 796 358 170

162 491 195 550 et
219 481 333 568 uiginti
355 479 461 547 minae
480 499 517 545 ex
539 476 753 565 quadraginta
774 479 884 544 minis.
931 476 1099 565 Reliquam
1121 479 1281 546 orationis
1294 498 1365 568 par-¹

162 613 228 670 tem
264 601 419 687 temporis
451 599 572 665 iniuria
605 597 696 664 nobis
729 596 879 676 abstulit,
911 597 967 663 sed
1000 599 1040 663 iis
1072 618 1155 684 quae
1187 609 1363 687 supersunt

163 723 244 790 satis
275 720 457 789 consultum
487 726 536 785 est
567 726 677 784 nostro
709 717 852 785 oonsilio.
909 717 999 799 Quod
1032 718 1146 806 Lysias
1181 727 1297 785 narrat
1326 720 1363 787 de

165 847 376 909 monumento
406 859 425 906 a
455 845 563 905 tutore
594 837 763 924 Diogitone
794 838 829 903 in
859 837 986 903 Diodoti
1018 837 1173 906 honorem
1202 838 1366 919 conlecto,

165 961 248 1030 Isaei
262 960 286 1049 ¹)
322 959 413 1026 locus
440 956 613 1028 confirmat
643 964 767 1023 tutores
799 957 995 1045 pupillorum
1026 959 1156 1025 nomine
1189 978 1365 1046 corumque

165 1080 324 1168 impensis
347 1076 509 1146 defunctis
533 1076 666 1143 inferias
688 1076 774 1143 terre
797 1077 906 1144 solitos
929 1098 1010 1146 csse.

213 1202 249 1268 ln
275 1198 496 1286 superioribus
508 1196 534 1285 ²)
559 1198 623 1262 iam
647 1198 727 1263 satis
751 1198 877 1284 copiose
902 1199 1131 1285 inquisivimus
1152 1199 1290 1266 ubinam
1310 1219 1366 1287 pu·

167 1320 236 1409 pilli
266 1317 450 1386 habitarent
481 1323 553 1404 post
583 1317 685 1404 patris
717 1324 852 1383 mortem
877 1325 910 1384 et
934 1318 1075 1385 vidimus
1098 1340 1153 1386 eos
1176 1319 1365 1406 plerumque

167 1443 202 1506 in
225 1442 343 1508 tutoris
367 1437 498 1503 domum
524 1438 701 1504 transiisse.
748 1438 899 1504 Attamen
925 1439 1107 1506 rectissime
1128 1446 1234 1526 potest
1252 1440 1367 1507 coniici

169 1581 223 1628 cos
257 1578 502 1646 nonnumquam
535 1558 728 1623 remansisse
758 1558 790 1622 in
823 1559 926 1644 patris
956 1559 1109 1638 aedibus,
1145 1559 1225 1627 dum
1250 1559 1366 1647 aliquis

169 1700 188 1746 a
220 1687 327 1746 tutore
359 1678 545 1744 nominatus
576 1677 616 1742 iis
649 1683 811 1761 praeerat;
843 1686 930 1744 certe
961 1678 1173 1745 remanebant
1204 1680 1236 1746 iu
1261 1681 1364 1767 patris

170 1799 318 1877 aedibus,
342 1818 416 1866 oum
442 1804 547 1863 mater
570 1815 644 1860 cum
669 1795 742 1862 dote
767 1797 798 1860 in
824 1797 864 1861 iis
887 1806 1079 1864 remaneret.
1321 1883 1324 1887 Α

214 1919 402 1987 Necessaria
432 1914 473 1982 ad
506 1915 627 1980 rictum
660 1916 688 1980 si
711 1922 801 1982 tutor
825 1935 887 1981 non
911 1917 1114 2003 praebuisset
1137 1919 1287 2006 pupillis,
1308 1920 1368 1995 τὰς

171 2039 376 2123 ὀφειλομένας
407 2034 544 2119 τροφάς,
576 2043 675 2113 σῖτον,
708 2042 744 2102 ut
775 2035 845 2101 iure
877 2037 975 2102 altico
999 2036 1178 2127 dicitur⁸),
1200 2041 1372 2125 quaeritur

171 2180 250 2226 num
282 2159 367 2225 clano
395 2155 462 2238 itaq
491 2156 637 2222 accusari
669 2162 789 2241 posset:
820 2156 965 2242 exempla
997 2177 1061 2222 non
1095 2165 1243 2238 exstant,
1268 2179 1369 2246 neque

171 2288 318 2344 nostrum
352 2284 400 2343 est
432 2277 465 2341 in
490 2274 573 2341 banc
596 2295 664 2342 rem
689 2275 873 2362 inquirere,
897 2296 972 2344 cum
997 2280 1104 2364 potius
1127 2279 1181 2345 ius
1205 2279 1368 2346 actionum

171 2418 268 2484 quam
293 2395 490 2463 familiarum
516 2402 640 2482 spectet
651 2396 688 2483 ⁴).

219 2519 286 2584 lam
311 2516 352 2582 ad
375 2516 510 2583 alteram
535 2523 659 2602 partem
684 2515 787 2601 ipsius
810 2515 924 2602 pupilli
946 2516 1066 2584 tutelae
1089 2525 1313 2598 transeamus,
1335 2519 1367 2585 in

173 2655 237 2723 qua
266 2634 554 2702 demonstrandum
586 2642 635 2701 est
669 2635 770 2700 tutori
800 2635 833 2700 in
865 2636 935 2703 iure
966 2636 1079 2724 pupilli
1105 2658 1277 2724 personam
1300 2658 1369 2706 esse

175 2754 412 2829 sustinendam;
436 2753 521 2840 quod
543 2752 732 2820 brevissime
755 2753 860 2820 iacere
883 2757 1004 2842 possim
1031 2758 1215 2825 testimonio
1239 2757 1371 2827 Aeschi-

174 2877 227 2943 nis
249 2875 425 2954 laudando,
450 2874 505 2942 sed
530 2894 603 2942 cum
630 2874 721 2961 plura
746 2875 843 2942 huius
862 2877 1004 2942 instituti
1026 2879 1160 2964 vestigia
1182 2886 1372 2958 occurrant,

176 3016 244 3063 rem
265 2995 372 3084 paullo
392 2994 591 3063 enucleatius
603 2993 774 3082 proferam.
810 2995 985 3063 Aeschines
996 2997 1022 3084 ὅ)
1037 3007 1145 3065 autem
1157 3007 1252 3084 rogat
1263 3018 1371 3087 quam·

178 3137 252 3185 nam
287 3117 391 3202 legem
423 3117 509 3183 eires
534 3116 585 3180 sui
609 3114 1070 3196 sanxerintpdeoonmmelia,
1094 3125 1126 3184 et
1145 3119 1208 3184 sibi
1232 3120 1302 3206 ipse
1324 3139 1371 3184 re·

178 3235 312 3321 spondet
330 3233 375 3323 ⁰):
412 3255 503 3301 »eam
539 3255 621 3321 quae
656 3256 721 3301 uno
755 3237 859 3322 capite
894 3257 975 3322 quae
1007 3245 1085 3303 sunt
1116 3238 1214 3305 huius
1246 3240 1370 3324 generis

178 3356 286 3421 omnia
311 3354 552 3441 complectitur:
576 3356 609 3420 in
630 3374 693 3441 qua
713 3355 806 3441 plane
827 3347 1070 3443 scriptumest,
1091 3359 1122 3423 si
1143 3359 1232 3444 quis
1253 3378 1370 3446 puero

176 3474 485 3542 contumeliam
513 3474 671 3541 lecerit
694 3513 740 3524 --
762 3513 809 3525 —
827 3484 967 3542 —aut
999 3476 1168 3564 aliquid
1201 3477 1368 3560 legibus

175 3593 460 3661 interdictum
485 3593 526 3658 in
551 3592 659 3659 huno
682 3595 967 3672 commiserit,
988 3598 1026 3660 io
1049 3616 1140 3663 eum
1159 3606 1368 3665 contume

173 3715 259 3782 liae
281 3714 494 3780 actionem
518 3711 637 3780 «ladit
661 3713 725 3781 lex
754 3735 1014 3802 poenamque
1038 3715 1249 3785 delinivit
1276 3715 1366 3805 quil

173 3896 398 3912 ᾗ

183 4056 186 4063 .
210 4019 240 4084 1)
259 4015 292 4068 de
311 4013 397 4068 Cleon.
417 4013 470 4068 ber.
492 4034 515 4088 p.
527 4017 575 4083 36,
596 4015 611 4082 §
632 4019 675 4068 10.

210 4107 241 4173 a)
262 4099 346 4175 pce,
365 4121 391 4156 n.
412 4107 438 4158 c.

209 4195 241 4262 3)
259 4189 291 4244 cf.
313 4211 337 4264 p.
349 4195 401 4258 47,
422 4211 446 4245 n.
468 4195 492 4244 4.

209 4283 240 4351 l)
258 4278 291 4333 cf.
313 4279 389 4333 bleier
409 4279 462 4332 und
482 4279 655 4350 Schoemann,
676 4280 721 4338 der
741 4292 787 4337 alt.
809 4301 875 4356 proc.
896 4301 919 4356 p.
932 4286 986 4337 tto
1005 4302 1043 4357 sq.

203 4372 241 4438 ,5)
260 4386 283 4420 c.
303 4366 433 4421 Timarcb.
455 4372 522 4439 pt,
543 4370 558 4436 b
578 4373 622 4424 tt.

207 4460 237 4528 6)
256 4456 274 4510 l.
295 4455 312 4509 1.
334 4457 348 4524 §
370 4459 412 4509 15.
