2842 5018
678 289 741 351 159

109 489 248 536 vesanus
276 489 371 555 opum
391 469 635 536 administrator
649 472 692 558 ¹),
713 468 921 539 Aristarchus
941 473 1059 540 Moschi
1082 474 1182 553 fitius,
1209 475 1306 544 huius

110 610 145 657 se
173 597 349 656 amatorem
375 608 445 656 esse
467 589 631 655 simulavit
655 589 750 657 etad
774 604 846 658 eam
869 594 1047 660 amicitiam
1071 594 1304 665 adolescentem

110 711 283 776 invitatum
308 728 390 774 vana
414 729 470 795 spe
494 708 619 774 inflavit
643 710 795 795 pollicens
817 731 893 779 enm
915 712 1004 781 hrevi
1029 725 1192 781 oratorum
1219 718 1304 803 prin·

109 830 214 916 eipem
244 827 403 897 futurum.
452 829 522 895 Tali
546 829 615 896 iahe
640 830 885 898 Demosthenem
909 832 1008 900 afficit
1032 835 1220 911 Aeschinem
1245 856 1304 902 cur

109 959 218 1017 autem
243 950 287 1015 ita
311 951 414 1034 egerit
439 949 568 1035 pianum
593 950 646 1026 tit,
670 968 745 1017 cum
770 971 844 1018 eum
868 952 1018 1039 deinceps
1042 953 1120 1021 haec
1142 954 1303 1023 dicentem

110 1068 279 1136 audimus:
305 1070 438 1135 »talium
464 1076 572 1135 autem
596 1070 784 1137 Aristarcho
807 1091 940 1157 operum
965 1080 1079 1139 auctor
1097 1081 1130 1139 et
1151 1075 1305 1161 magister

111 1189 216 1259 iactus
247 1196 314 1267 est,
347 1188 386 1254 oh
411 1208 493 1274 quae
517 1188 570 1255 iiie
594 1190 699 1274 patria
722 1190 850 1268 exulat,
874 1191 927 1257 hic
950 1212 1024 1258 vero
1048 1192 1152 1259 trihus
1176 1193 1305 1261 talentis

110 1311 198 1377 exilii
230 1309 347 1376 viatico
375 1328 450 1376 eum
475 1307 640 1395 spoliavit,
664 1309 858 1378 Nicodamus
878 1319 988 1379 autem
1011 1312 1218 1399 Aphidnaeus
1240 1316 1305 1381 vin·

110 1431 197 1498 lenta
222 1439 324 1498 morte
348 1428 389 1496 ah
408 1429 596 1496 Aristarcho
619 1429 772 1496 occubuit
792 1432 891 1497 miser
909 1434 1046 1506 exsectis
1069 1433 1172 1499 ocutis
1194 1433 1305 1501 amho-

110 1552 170 1618 hus
193 1559 225 1618 et
249 1550 360 1635 tingue
385 1550 544 1635 praecisa,
569 1568 632 1634 qua
652 1548 751 1615 iibere
773 1549 901 1617 loeutus
924 1550 1030 1618 inerat
1055 1552 1178 1638 tegibus
1201 1552 1305 1621 fretus

111 1681 143 1738 et
174 1669 273 1736 vohis.
320 1669 362 1735 Dt
392 1689 449 1734 ros
480 1667 691 1734 Athenienses
716 1667 880 1736 Socratem
904 1671 1080 1756 sapientem
1106 1671 1196 1739 ilium
1222 1677 1304 1742 oeci·

110 1791 224 1863 distis.
258 1787 342 1875 quod
373 1788 508 1854 Critiam
532 1788 745 1866 instituisset,
771 1808 872 1856 unum
896 1790 1030 1874 triginta
1055 1791 1224 1872 virorum,
1247 1795 1304 1880 qui

111 1908 265 1994 populum
299 1915 543 1994 oppresserunt:
577 1908 730 1995 precihus
762 1917 871 1975 autem
904 1908 1144 1989 Demosthenis,
1177 1914 1230 1997 qni
1263 1913 1304 1980 ah

113 2026 299 2096 hominihus
331 2025 467 2095 indoctis
501 2037 533 2095 et
564 2028 772 2115 popuiarihus
801 2037 933 2115 propter
963 2027 1091 2095 dicendi
1121 2030 1303 2099 libertatem

112 2156 220 2215 tantas
253 2167 370 2234 poenas
396 2149 515 2226 sumit,
539 2147 760 2216 condonabitis
783 2148 905 2214 aliost’'
952 2149 1112 2214 Tenemus
1135 2150 1304 2219 Aeschinis

109 2269 440 2355 argumentationem:
463 2288 547 2335 unus
565 2289 604 2335 ex
625 2268 847 2335 Demosthenis
866 2266 1078 2346 adversariis,
1095 2269 1301 2350 Nicodemus,

109 2387 228 2456 Duhuli
252 2396 284 2455 et
307 2388 423 2456 Midiae
446 2390 571 2456 amicus
594 2409 611 2456 e
634 2389 739 2457 medio
763 2390 908 2456 subintus
928 2396 1010 2456 erat:
1032 2390 1095 2456 ianr
1116 2389 1230 2458 Midias
1250 2413 1301 2459 oo·

110 2518 207 2577 natus
242 2517 312 2575 erat
344 2508 509 2576 Nicodemi
544 2511 734 2577 necessariis
765 2509 960 2596 persuadere
990 2519 1026 2575 ut
1054 2511 1300 2579 Demosthenem

109 2629 209 2697 huius
229 2629 349 2696 atrocis
373 2628 481 2695 caedis
502 2638 708 2704 accusarent;
732 2629 816 2717 quod
841 2649 915 2696 oum
940 2629 980 2697 ah
1003 2628 1054 2696 his
1078 2640 1230 2714 necatum
1255 2653 1301 2700 es·

110 2759 178 2831 set,
201 2747 409 2818 Aristarchus
435 2769 453 2816 a
476 2751 574 2817 Midia
598 2752 757 2829 nominari
781 2760 912 2838 coeptus
936 2757 984 2817 est
1010 2758 1045 2816 ut
1068 2751 1232 2818 Nicodemi
1252 2754 1302 2818 i'n·

109 2870 264 2938 terfector
276 2872 323 2959 ²),
353 2869 406 2937 hic
438 2891 513 2938 vero
542 2871 619 2958 fuga
650 2873 786 2939 salutem
819 2872 923 2958 petiit.
971 2871 1033 2937 Res
1064 2891 1138 2938 cum
1164 2874 1208 2938 ita
1233 2894 1302 2942 sese

110 2991 277 3070 hahuerit,
307 2992 481 3060 Aeschines
513 3013 577 3058 non
607 2992 734 3059 dubitat
756 2991 982 3059 Aristarchum
1005 2991 1112 3059 dicere
1137 2992 1301 3061 Nicodemi

110 3112 368 3191 interfectorem,
388 3114 443 3179 sed
464 3135 527 3201 quo
549 3112 795 3180 Demosthenem
816 3133 873 3199 per
892 3113 1115 3180 Aristarchum
1130 3123 1302 3200 pungeret,

109 3233 355 3301 Demosthenem
388 3235 529 3301 amicum
556 3242 793 3321 praeceptorem
816 3234 995 3300 Aristarchi
1014 3233 1165 3322 appellat,
1182 3236 1301 3321 turpis-

111 3353 185 3420 simi
207 3355 308 3439 igitur
328 3353 481 3421 facinoris
501 3363 679 3429 auctorem:
699 3356 753 3421 oui
773 3354 1007 3422 insimulationi
1029 3364 1193 3442 tamquam
1214 3354 1301 3424 iasti-

111 3474 201 3560 gium
233 3474 370 3560 imponit
401 3474 514 3541 hellam
548 3478 641 3541 istam
674 3476 947 3564 comparationem
980 3474 1203 3541 Demosthenis
1227 3474 1300 3540 Ari·

110 3593 232 3660 starchi
264 3597 481 3681 praeceptoris
506 3614 580 3660 oum
607 3593 755 3673 Socrate,
780 3615 876 3681 quem
900 3593 1047 3662 videlicet
1071 3602 1239 3681 propterea
1262 3594 1302 3660 ah
1364 3588 1370 3595 ’

111 3714 359 3781 Atheniensibus
379 3716 494 3801 capitis
514 3712 701 3781 damnatum
723 3714 815 3791 dicit,
836 3715 919 3802 quod
940 3716 1073 3782 Critiam
1097 3717 1300 3782 instituisset.

111 3835 189 3901 Dum
208 3813 383 3902 ‘oratorem
413 3844 478 3901 tam
511 3834 648 3901 ridicula
673 3835 814 3920 proferre
839 3855 901 3901 non
926 3835 1038 3922 pudet,
1062 3833 1233 3921 diiigenter
1255 3838 1301 3899 vi·

110 3954 252 4023 dentium
284 3963 334 4021 est
369 3955 481 4041 quanti
512 3964 619 4020 cetera
654 3975 736 4040 quae
764 3964 872 4022 narret
896 3956 961 4021 sint
984 3955 1140 4022 habenda.
1187 3954 1301 4022 Nostro

110 4075 180 4143 loco
212 4095 318 4142 sermo
348 4083 397 4142 est
429 4074 468 4141 de
499 4074 685 4142 Aristarcho
709 4076 824 4142 iuvene
847 4095 942 4161 quem
971 4073 1199 4143 Demosthenes
1220 4095 1302 4144 vana

149 4364 179 4430 1)
200 4359 354 4427 διιχιίροζι
373 4362 424 4425 τὴν
441 4358 545 4414 cnidius,

148 4452 179 4520 2)
200 4449 331 4504 Demosth.
349 4466 371 4504 c.
393 4447 451 4504 nid.
472 4468 496 4522 p.
507 4451 576 4518 548,
597 4449 611 4517 §
633 4451 685 4504 tot
704 4467 744 4524 sq.
762 4447 820 4504 coli.
843 4448 896 4504 ioco
918 4447 1049 4503 Aeschinis
1068 4468 1104 4504 or.
1124 4469 1146 4506 c.
1163 4448 1230 4503 Tim.
