2842 5018
656 295 698 355 53

61 473 136 540 inde
168 495 187 540 a
216 475 649 564 DionysioAEaiiearnasensi
667 479 692 563 ¹)
719 477 885 563 usquead
910 484 1052 543 nostram
1078 483 1216 543 aetatem
1230 478 1255 564 ²)

62 594 269 661 Demostheni
301 596 504 664 abiudicatae
536 599 601 694 siut
634 606 666 664 et
694 618 712 663 a
739 598 916 664 recentiore
940 597 1068 663 rhetore
1092 596 1257 663 coniectae

63 714 254 797 videantur,
280 717 353 784 inde
379 718 458 783 nihil
483 718 767 784 demonstrandum
789 728 838 784 est
857 720 889 783 in
912 738 946 783 re
967 726 1087 783 nestra.
1135 717 1255 783 Deinde

62 837 159 904 etiam
190 837 217 902 si
241 838 469 923 Aristogitonis
492 839 674 925 exemplum
700 859 761 903 nen
787 839 880 926 plane
908 839 1067 924 negligas,
1087 845 1256 925 propterea

62 957 115 1022 ius
146 959 282 1025 atticum
311 979 373 1024 non
396 959 550 1025 violatum
576 968 645 1038 est,
672 977 749 1024 nam
769 968 879 1024 orator
903 959 971 1043 ipse
996 957 1088 1024 decet
1113 960 1211 1024 istum
1236 977 1255 1023 a

60 1077 161 1144 fratre
184 1099 243 1144 sue
266 1088 454 1146 accusatum
479 1099 558 1146 esse.

106 1198 185 1264 Cum
207 1199 345 1265 Pericles
366 1199 467 1285 legem
490 1199 621 1278 tulerit,
645 1218 708 1285 qua
727 1198 934 1265 sanciebatur
953 1217 1007 1264 eos
1027 1206 1155 1264 tantum
1169 1199 1255 1264 cives

61 1316 149 1398 iore,
182 1321 299 1405 quiex
324 1319 447 1386 duobus
471 1318 721 1386 Atheniensibus
745 1320 812 1384 nati
837 1327 961 1396 essent,
987 1321 1053 1385 veri
1078 1318 1183 1384 simite
1206 1326 1257 1384 est

63 1446 236 1524 utramque
267 1439 430 1528 iegem³),
463 1449 494 1506 et
525 1460 589 1526 qua
619 1439 831 1505 Athenienses
862 1448 1049 1505 vetarentur
1082 1458 1156 1504 cum
1181 1459 1256 1525 per·

62 1559 184 1644 egriuis
215 1562 419 1624 matrimonia
450 1561 534 1626 inire
560 1566 592 1625 et
625 1579 687 1645 qua
712 1579 813 1646 pecua
837 1561 1019 1625 sanciretur
1044 1561 1076 1624 in
1100 1579 1174 1625 eum
1198 1560 1255 1647 qui

61 1680 265 1764 peregrinam
291 1699 348 1765 pro
373 1699 428 1744 sua
454 1678 519 1744 titia
543 1677 778 1764 despondisset,
805 1688 860 1745 aut
885 1679 1029 1745 eiusdem
1051 1682 1166 1746 aetatis
1186 1699 1256 1746 esse

64 1805 120 1864 aut
145 1798 234 1863 brevi
259 1807 329 1882 post
354 1799 507 1864 Periclem
531 1798 630 1863 latam
654 1817 733 1863 esse.

109 1917 199 1980 Inter
229 1917 334 1979 varias
365 1916 484 1980 civium
517 1916 635 1981 classes
663 1916 861 1981 connubium
887 1925 975 1995 crat,
1002 1926 1038 1982 ut
1061 1926 1192 2003 apparet
1218 1936 1256 1983 ex

63 2053 101 2100 ee
133 2035 300 2110 institute,
333 2053 395 2119 quo
427 2035 512 2099 cives
543 2056 580 2100 ex
613 2036 717 2121 prima
748 2044 780 2102 et
811 2035 951 2102 secunda
979 2044 1011 2102 et
1036 2038 1131 2102 tertia
1155 2037 1257 2104 classe

62 2153 217 2219 iubentur
248 2162 304 2219 aut
338 2153 456 2220 ducere
487 2163 543 2220 arnt
575 2155 698 2221 elocare
730 2156 811 2221 filias
843 2157 936 2222 orhes
958 2177 995 2223 ex
1020 2157 1130 2222 intima
1155 2157 1255 2223 classe

62 2273 183 2361 quihus
215 2281 291 2338 sunt
321 2294 439 2359 genere
470 2275 659 2363 proximit).
709 2276 858 2342 Attamen
885 2296 946 2341 non
971 2297 1105 2362 prorsus
1129 2277 1256 2343 silentio

62 2393 297 2482 praetereunda
321 2401 397 2459 sunt
417 2415 499 2481 quae
521 2395 713 2462 Plutarchus
727 2394 753 2482 ⁵)
775 2396 813 2462 de
834 2397 1074 2463 Pallenensihus
1094 2407 1125 2464 et
1146 2399 1257 2482 Agnu-

62 2515 120 2580 siis
152 2514 268 2587 tradit:
299 2515 384 2581 inter
416 2514 473 2580 hos
504 2523 611 2581 autem
637 2515 760 2581 nultum
786 2515 886 2582 inisse
911 2516 1106 2582 connubium
1134 2524 1256 2581 narrat.

64 2633 255 2700 Rectissime
287 2654 363 2699 vere
385 2635 520 2723 Meierfl)
549 2643 659 2701 censet
683 2637 769 2702 cives
793 2657 831 2702 ex
857 2636 907 2702 his
931 2637 1122 2732 demisnen
1146 2635 1255 2701 solitos

63 2751 162 2818 inisse
194 2754 335 2819 vicissim
371 2757 575 2819 matrimonia
608 2757 690 2821 inire
722 2765 754 2822 et
782 2777 893 2822 eorum
919 2758 1112 2822 sententiam
1137 2757 1255 2841 impre-

61 2873 117 2938 hat
139 2874 196 2959 qui
218 2872 383 2939 affirmant
407 2873 532 2960 id'tege
557 2877 693 2942 vetitum
716 2874 827 2943 fuisse.

109 2993 266 3078 Diogenes
290 2994 439 3060 Laertius
451 2995 479 3084 ⁷)
499 3003 612 3061 auctor
632 3004 681 3062 est
702 2995 850 3062 Solonem
871 2996 1011 3061 vetuisse
1031 3014 1071 3060 ne
1090 2995 1146 3080 qui
1167 3002 1256 3061 tutor

63 3113 163 3182 duent
192 3114 385 3201 pupillorum
418 3123 573 3191 matrerm
598 3136 675 3182 eum⁴
698 3115 738 3183 tle
762 3116 862 3185 tutela
886 3114 1050 3202 tienne),
1075 3113 1256 3196 videbimus

64 3232 124 3299 hoc
150 3233 300 3319 Diogenis
323 3233 456 3301 effatum
481 3243 550 3302 tute
574 3256 667 3323 posse
690 3237 811 3323 sperni.

101 3522 132 3588 1)
153 3522 224 3572 Dem.
243 3522 292 3586 57,
312 3539 335 3591 p.
347 3524 433 3589 1126,
454 3525 503 3589 113
523 3522 554 3576 ei.
576 3533 705 3596 praeterea
726 3521 826 3577 Libanii
845 3542 946 3597 argum.
968 3544 991 3596 p.
1002 3525 1068 3590 769,
1089 3525 1141 3589 20,
1161 3522 1175 3590 §
1193 3524 1217 3574 6.

99 3611 130 3678 2)
149 3605 280 3674 schamen,
301 3611 372 3663 Dem.
394 3631 418 3664 u.
435 3628 455 3664 s.
475 3631 495 3664 z.
517 3615 566 3664 lit.
586 3616 618 3679 2,
637 3617 726 3686 p.113
746 3631 801 3686 sqq.

100 3700 130 3766 3)
149 3715 226 3768 supra
247 3701 330 3769 net,
351 3717 376 3752 n.
397 3702 413 3751 3
432 3708 459 3752 et
480 3719 503 3772 p.
514 3703 564 3767 22,
584 3720 610 3754 n.
631 3705 656 3755 1.
807 3690 815 3707 ⁰

99 3788 129 3856 4)
150 3785 308 3857 [Demosth]
327 3787 383 3840 adv.
404 3791 506 3842 hanan.
528 3809 551 3861 p.
572 3792 695 3858 1067‚§
717 3794 760 3844 45.

99 3877 131 3942 5)
150 3873 275 3943 Theseus,
292 3894 313 3929 c.
333 3881 378 3930 13.

99 3965 130 4032 6)
150 3964 226 4017 hieier
247 3964 300 4018 und
318 3964 433 4020 Sehcem.
452 3965 497 4020 der
513 3975 559 4021 att.
579 3985 647 4040 prce.
669 3987 691 4040 p.
704 3969 766 4019 350.

99 4054 130 4120 7)
151 4055 178 4120 i,
199 4056 243 4106 56.

101 4141 130 4209 e)
150 4137 196 4194 ιιι.
219 4144 274 4210 ιιι,
297 4145 322 4208 ι,
344 4147 369 4197 3.
