2842 5018
701 269 763 332 105

130 453 287 521 Boeotum
305 450 410 518 oritur
429 451 468 519 de
487 450 561 518 dote
581 458 745 525 materna3
763 451 888 518 interea
908 450 993 519 inter
1013 459 1188 540 utrumque
1208 453 1242 519 in
1254 453 1326 520 inre

128 573 171 640 de
195 573 324 639 nomine
348 591 474 659 quoque
496 572 616 657 agitur.
672 570 837 639 lodicibus
862 571 981 657 placuit
1008 571 1179 658 Plangonis
1199 592 1327 659 qnoque

128 692 196 758 filio
220 691 435 758 llantitheum
460 711 575 758 nomen
600 690 753 758 tribuere.
800 690 899 757 Nobis
921 710 984 757 noo
1010 691 1230 779 quaerendum
1255 699 1322 769 est,

126 819 240 878 utrum
272 812 409 879 Boeotus
439 811 500 879 sibi
526 812 596 879 iure
618 831 659 877 an
682 811 804 877 iniuria
827 829 942 877 nomen
967 809 1046 878 illud
1068 810 1240 890 indiderit,
1264 831 1323 878 nec

126 928 168 996 de
190 929 280 1008 dote,
304 951 344 997 ao
368 930 544 998 llautitlrco
566 937 655 998 recte
679 929 861 1005 obvenerit3
884 929 940 996 sed
964 949 1003 996 ex
1023 931 1102 1016 ipsis
1122 931 1322 998 orationihus

124 1047 217 1116 notris
247 1058 439 1137 argumenta
469 1049 606 1137 petenda
634 1058 729 1128 sunt,
760 1049 879 1137 quibus
911 1069 988 1116 vera
1018 1070 1088 1117 esse
1119 1070 1201 1136 quae
1223 1050 1319 1117 modo

124 1167 269 1238 diximus
299 1178 496 1258 arguantur;
529 1171 630 1256 igitur
661 1169 948 1237 demonstrandum
979 1178 1029 1237 est
1057 1170 1319 1257 Plangonem

124 1288 257 1358 luisse
297 1291 480 1358 Manliae
521 1289 826 1367 concubinam,
863 1309 939 1354 non
975 1308 1141 1356 uxorem
1175 1290 1320 1377 legiti-

124 1429 242 1488 mam,
276 1430 449 1497 eamque
480 1409 592 1476 hunc
621 1407 776 1476 fraude
799 1409 996 1494 coegisse
1020 1417 1066 1475 ut
1087 1408 1252 1476 liberos
1274 1429 1320 1477 ex

122 1529 195 1598 hoc
228 1530 518 1598 concubinatu
552 1537 672 1596 natos
703 1548 775 1615 pro
810 1529 1011 1615 genuinis
1043 1527 1318 1617 haberetque

120 1648 231 1717 iacto
260 1653 449 1739 nuptias,
471 1669 580 1737 quae
600 1648 949 1734 nullaeumqnam
973 1646 1185 1729 luissent,
1211 1669 1315 1717 men·

120 1770 282 1837 tiretur
305 1779 344 1837 et
367 1777 516 1856 aperte
539 1770 762 1856 peieraret.
1283 1837 1287 1842 ,

168 1889 321 1954 llantiam
352 1890 513 1973 Plangone
545 1907 640 1955 usum
672 1907 743 1954 esse
770 1906 864 1952 nemo
887 1886 981 1953 leoile
1004 1886 1125 1954 infitias
1148 1888 1224 1964 ibit;
1247 1890 1317 1975 ipse

122 2007 209 2074 enim
245 2017 352 2072 orator
377 2007 507 2073 disertis
530 2006 637 2073 verbis
660 2004 802 2072 ostendit
814 2005 840 2094 ¹)
864 2015 1001 2074 matrem
1025 2027 1117 2075 suam
1140 2006 1259 2074 obiisse
1280 2027 1317 2075 se

120 2124 256 2213 parvulo
278 2146 378 2213 puero
402 2126 533 2205 relicto,
556 2127 693 2192 istorum
717 2144 794 2192 vero
814 2133 952 2194 matrem
975 2126 1168 2213 Plangonem
1189 2134 1221 2196 et
1239 2135 1316 2195 ante

120 2254 153 2313 et
184 2255 253 2332 post
284 2246 423 2332 eleganti
454 2245 557 2312 forma
589 2245 758 2312 mulierem
790 2265 865 2311 curn
897 2246 1018 2313 llantia
1050 2267 1118 2314 rem
1149 2246 1313 2317 habuisse.

116 2364 188 2432 Alio
220 2365 288 2432 loco
311 2367 397 2451 patri
421 2385 479 2432 suo
503 2365 586 2431 hanc
610 2365 876 2432 consuetudinem
901 2365 1068 2455 obiicit²):
1093 2387 1220 2436 »meam
1243 2388 1313 2436 ma·

117 2486 244 2563 trcm‚’'
268 2486 393 2571 inquit,
420 2484 569 2551 »ductam
595 2503 728 2551 uxorem
753 2484 840 2552 domi
865 2484 977 2553 habuit
1001 2506 1117 2574 meque
1135 2495 1168 2554 et
1185 2488 1311 2556 erudie-

116 2603 173 2671 lrat
202 2612 235 2671 et
266 2602 420 2690 diligebat
451 2603 721 2691 quemadmodum
754 2613 787 2671 et
817 2625 873 2671 vos
905 2626 1015 2674 omnes
1045 2615 1170 2674 vestros
1194 2605 1312 2676 liberos

115 2719 251 2810 diligitis
260 2746 268 2799 ;
289 2721 366 2790 'oum
391 2724 527 2789 istorum
552 2731 660 2790 autem
685 2731 788 2792 matre
812 2727 1077 2793 consuetudinem
1101 2725 1215 2794 hahuit
1233 2749 1312 2814 qno·

113 2863 243 2930 cunque
275 2843 405 2910 tandem
437 2842 547 2917 modo;
581 2862 684 2930 neque
711 2845 798 2911 enim
822 2843 883 2912 hoc
906 2846 1068 2932 explicare
1090 2866 1198 2913 meum
1223 2851 1310 2915 est.’'

115 2963 173 3030 Vel
201 2961 462 3060 indignabundus
493 2970 624 3028 enarrat
650 2962 689 3028 de
713 2964 868 3050 impensis
892 2965 1053 3030 altantis
1077 2966 1109 3030 in
1136 2966 1310 3052 Plangonis

115 3085 255 3170 gratiam
289 3082 443 3170 iactis³):
482 3083 667 3167 »cogitetis‚
703 3082 845 3160 iudices,
881 3102 932 3148 me
968 3102 987 3149 a
1018 3092 1121 3150 matre
1150 3086 1310 3153 moriente

110 3222 248 3290 puerum
282 3203 433 3271 relictum
469 3222 555 3279 esse,
590 3203 726 3269 istorum
760 3222 837 3269 vero
871 3209 1009 3270 matrem
1039 3223 1150 3270 secum
1174 3206 1254 3271 istos
1274 3214 1307 3273 et

110 3322 293 3409 complures
322 3321 456 3389 ancillas
482 3322 620 3389 alentem
644 3330 678 3389 et
701 3324 805 3410 ipsam
832 3332 997 3391 sumtuose
1020 3324 1180 3392 viventem
1205 3325 1245 3393 ad
1269 3348 1307 3395 ea

108 3443 264 3509 llantiam
286 3462 395 3508 amore
418 3449 547 3528 captum
570 3443 784 3528 praebitorem
805 3463 931 3530 semper
951 3442 1102 3511 hahuisse
1121 3459 1152 3511 et
1170 3444 1211 3510 atl
1224 3447 1306 3512 mul·

110 3570 163 3629 tas
187 3562 348 3649 impensas
368 3559 531 3628 iaciendas
551 3560 730 3647 coegisse.”
779 3562 836 3627 His
857 3562 987 3648 quidem
1009 3571 1205 3649 repugnant,
1223 3583 1306 3649 quac

110 3681 213 3749 altero
237 3681 375 3763 legimus
394 3682 463 3746 loco
476 3680 522 3767 ⁴),
547 3699 609 3766 qun
633 3678 780 3765 perhibet
799 3688 906 3746 orator
926 3679 1078 3745 llantiam
1099 3700 1214 3766 parum
1234 3685 1306 3768 qui-

108 3801 184 3868 dern
205 3801 386 3868 studiosum
408 3800 508 3866 luisse
527 3801 683 3886 pecuniae
705 3798 883 3874 faciendae,
904 3797 959 3864 sed
976 3800 1125 3884 quaerit,
1145 3801 1304 3885 quomodo

108 3929 219 4009 pater,
252 3922 279 3986 si
312 3922 356 3986 ita
380 3928 568 3987 sumtuosus
601 3911 716 3999 luerit,
749 3927 785 3985 ut
809 3917 954 4004 legitimo
977 3919 1182 3988 matrimonio
1206 3921 1305 3990 ducta

113 4075 315 4090 m

146 4159 179 4227 1)
197 4165 261 4210 orat.
282 4160 325 4222 11,
346 4157 503 4228 p.1016,§
523 4157 568 4211 2⁷.

148 4248 180 4316 2)
199 4253 265 4299 orat.
284 4248 328 4312 11,
346 4263 370 4316 p.
381 4245 468 4310 1010,
487 4243 501 4311 ᾗ
524 4246 549 4296 8.

146 4336 177 4404 3)
195 4343 261 4390 orat.
282 4337 322 4401 ll,
341 4353 366 4406 p.
379 4334 466 4398 1023,
487 4332 501 4399 ᾗ
521 4334 565 4384 51.

149 4425 179 4495 l)
199 4432 263 4480 orat.
284 4427 311 4492 1,
332 4442 355 4497 p.
370 4423 456 4490 1002,
477 4420 491 4487 ᾗ
512 4422 555 4473 26.
