<?xml version="1.0" encoding="UTF-8"?>
<!DOCTYPE html PUBLIC "-//W3C//DTD XHTML 1.0 Transitional//EN"
    "http://www.w3.org/TR/xhtml1/DTD/xhtml1-transitional.dtd">
<html xmlns="http://www.w3.org/1999/xhtml" xml:lang="en" lang="en">
 <head>
  <title>
</title>
<meta http-equiv="Content-Type" content="text/html;charset=utf-8" />
  <meta name='ocr-system' content='tesseract 3.04.00' />
  <meta name='ocr-capabilities' content='ocr_page ocr_carea ocr_par ocr_line ocrx_word'/>
</head>
<body>
  <div class='ocr_page' id='page_1' title='image "./deiurefamiliaru00esgoog_0069.png"; bbox 0 0 2842 5018; ppageno 0'>
   <div class='ocr_carea' id='block_1_1' title="bbox 691 283 731 345">
    <p class='ocr_par' dir='ltr' id='par_1_1' title="bbox 691 283 731 345">
     <span class='ocr_line' id='line_1_1' title="bbox 691 283 731 345; baseline -0.025 0"><span class='ocrx_word' id='word_1_1' title='bbox 691 283 731 345; x_wconf 79' lang='lat' dir='ltr'><strong>nt</strong></span> 
     </span>
    </p>
   </div>
   <div class='ocr_carea' id='block_1_2' title="bbox 114 467 1310 2112">
    <p class='ocr_par' dir='ltr' id='par_1_2' title="bbox 114 467 1310 2112">
     <span class='ocr_line' id='line_1_2' title="bbox 120 467 1310 555; baseline -0.003 -19"><span class='ocrx_word' id='word_1_2' title='bbox 120 476 325 555; x_wconf 92' lang='lat' dir='ltr'><strong>argumenta,</strong></span> <span class='ocrx_word' id='word_1_3' title='bbox 353 486 435 552; x_wconf 90' lang='lat' dir='ltr'><strong>quae</strong></span> <span class='ocrx_word' id='word_1_4' title='bbox 466 485 570 531; x_wconf 90' lang='lat' dir='ltr'><strong>meam</strong></span> <span class='ocrx_word' id='word_1_5' title='bbox 599 468 791 532; x_wconf 88' lang='lat' dir='ltr'><strong>senteutiam</strong></span> <span class='ocrx_word' id='word_1_6' title='bbox 818 467 964 545; x_wconf 84' lang='lat' dir='ltr'><strong>Armant,</strong></span> <span class='ocrx_word' id='word_1_7' title='bbox 992 468 1080 552; x_wconf 80' lang='lat' dir='ltr'><strong>ut¹):</strong></span> <span class='ocrx_word' id='word_1_8' title='bbox 1105 486 1199 533; x_wconf 78' lang='lat' dir='ltr'><strong>»cum</strong></span> <span class='ocrx_word' id='word_1_9' title='bbox 1225 467 1310 554; x_wconf 90' lang='lat' dir='ltr'><strong>apud</strong></span> 
     </span>
     <span class='ocr_line' id='line_1_3' title="bbox 119 585 1308 676; baseline -0.003 -22"><span class='ocrx_word' id='word_1_10' title='bbox 119 588 306 654; x_wconf 90' lang='lat' dir='ltr'><strong>archontem</strong></span> <span class='ocrx_word' id='word_1_11' title='bbox 330 587 487 672; x_wconf 89' lang='lat' dir='ltr'><strong>scriptum</strong></span> <span class='ocrx_word' id='word_1_12' title='bbox 513 594 597 651; x_wconf 88' lang='lat' dir='ltr'><strong>esset</strong></span> <span class='ocrx_word' id='word_1_13' title='bbox 618 585 699 651; x_wconf 85' lang='lat' dir='ltr'><strong>lrauc</strong></span> <span class='ocrx_word' id='word_1_14' title='bbox 720 586 888 652; x_wconf 85' lang='lat' dir='ltr'><strong>mulierem</strong></span> <span class='ocrx_word' id='word_1_15' title='bbox 909 587 1082 652; x_wconf 90' lang='lat' dir='ltr'><strong>divortium</strong></span> <span class='ocrx_word' id='word_1_16' title='bbox 1103 585 1255 665; x_wconf 89' lang='lat' dir='ltr'><strong>lecisse‚”</strong></span> <span class='ocrx_word' id='word_1_17' title='bbox 1277 589 1308 676; x_wconf 80' lang='lat' dir='ltr'><strong>ip</strong></span> 
     </span>
     <span class='ocr_line' id='line_1_4' title="bbox 118 705 1307 794; baseline -0.001 -21"><span class='ocrx_word' id='word_1_18' title='bbox 118 708 236 794; x_wconf 86' lang='lat' dir='ltr'><strong>quibus</strong></span> <span class='ocrx_word' id='word_1_19' title='bbox 261 726 463 792; x_wconf 81' lang='lat' dir='ltr'>nequaquam</span> <span class='ocrx_word' id='word_1_20' title='bbox 485 705 606 772; x_wconf 90' lang='lat' dir='ltr'><strong>dicitur</strong></span> <span class='ocrx_word' id='word_1_21' title='bbox 628 707 697 793; x_wconf 90' lang='lat' dir='ltr'><strong>ipsa</strong></span> <span class='ocrx_word' id='word_1_22' title='bbox 718 727 798 772; x_wconf 86' lang='lat' dir='ltr'><strong>uxor</strong></span> <span class='ocrx_word' id='word_1_23' title='bbox 822 709 852 771; x_wconf 92' lang='lat' dir='ltr'><strong>in</strong></span> <span class='ocrx_word' id='word_1_24' title='bbox 876 709 946 772; x_wconf 90' lang='lat' dir='ltr'><strong>inre</strong></span> <span class='ocrx_word' id='word_1_25' title='bbox 969 709 1083 791; x_wconf 81' lang='lat' dir='ltr'><strong>egisse.</strong></span> <span class='ocrx_word' id='word_1_26' title='bbox 1133 706 1237 771; x_wconf 87' lang='lat' dir='ltr'><strong>Huius</strong></span> <span class='ocrx_word' id='word_1_27' title='bbox 1261 726 1307 772; x_wconf 93' lang='lat' dir='ltr'><strong>er·</strong></span> 
     </span>
     <span class='ocr_line' id='line_1_5' title="bbox 118 824 1308 913; baseline -0.003 -20"><span class='ocrx_word' id='word_1_28' title='bbox 118 829 202 894; x_wconf 89' lang='lat' dir='ltr'><strong>roris</strong></span> <span class='ocrx_word' id='word_1_29' title='bbox 226 827 315 912; x_wconf 88' lang='lat' dir='ltr'><strong>origo</strong></span> <span class='ocrx_word' id='word_1_30' title='bbox 336 845 397 890; x_wconf 92' lang='lat' dir='ltr'><strong>non</strong></span> <span class='ocrx_word' id='word_1_31' title='bbox 417 824 506 891; x_wconf 88' lang='lat' dir='ltr'><strong>latet.</strong></span> <span class='ocrx_word' id='word_1_32' title='bbox 556 825 735 892; x_wconf 78' lang='lat' dir='ltr'><strong>Andocides</strong></span> <span class='ocrx_word' id='word_1_33' title='bbox 748 827 774 913; x_wconf 81' lang='lat'><strong>²)</strong></span> <span class='ocrx_word' id='word_1_34' title='bbox 795 829 880 892; x_wconf 85' lang='lat' dir='ltr'><strong>enirn</strong></span> <span class='ocrx_word' id='word_1_35' title='bbox 903 834 1091 891; x_wconf 80' lang='lat' dir='ltr'><strong>narraverat</strong></span> <span class='ocrx_word' id='word_1_36' title='bbox 1111 825 1308 891; x_wconf 80' lang='lat' dir='ltr'><strong>Alcibiadem</strong></span> 
     </span>
     <span class='ocr_line' id='line_1_6' title="bbox 117 932 1308 1031; baseline -0.003 -17"><span class='ocrx_word' id='word_1_37' title='bbox 117 968 192 1014; x_wconf 90' lang='lat' dir='ltr'><strong>cum</strong></span> <span class='ocrx_word' id='word_1_38' title='bbox 228 954 351 1013; x_wconf 91' lang='lat' dir='ltr'><strong>tantam</strong></span> <span class='ocrx_word' id='word_1_39' title='bbox 383 944 513 1011; x_wconf 90' lang='lat' dir='ltr'><strong>baberet</strong></span> <span class='ocrx_word' id='word_1_40' title='bbox 544 932 650 1012; x_wconf 89' lang='lat' dir='ltr'><strong>dotem</strong></span> <span class='ocrx_word' id='word_1_41' title='bbox 684 953 837 1031; x_wconf 87' lang='lat' dir='ltr'><strong>quantam</strong></span> <span class='ocrx_word' id='word_1_42' title='bbox 865 946 972 1012; x_wconf 92' lang='lat' dir='ltr'><strong>nullus</strong></span> <span class='ocrx_word' id='word_1_43' title='bbox 997 945 1207 1025; x_wconf 88' lang='lat' dir='ltr'><strong>Graecorum,</strong></span> <span class='ocrx_word' id='word_1_44' title='bbox 1232 945 1308 1011; x_wconf 92' lang='lat' dir='ltr'><strong>adeo</strong></span> 
     </span>
     <span class='ocr_line' id='line_1_7' title="bbox 116 1064 1306 1154; baseline -0.004 -20"><span class='ocrx_word' id='word_1_45' title='bbox 116 1088 151 1135; x_wconf 92' lang='lat' dir='ltr'><strong>se</strong></span> <span class='ocrx_word' id='word_1_46' title='bbox 183 1067 320 1154; x_wconf 84' lang='lat' dir='ltr'><strong>gessisse</strong></span> <span class='ocrx_word' id='word_1_47' title='bbox 350 1065 559 1139; x_wconf 80' lang='lat' dir='ltr'><strong>insolentem,</strong></span> <span class='ocrx_word' id='word_1_48' title='bbox 593 1073 630 1131; x_wconf 92' lang='lat' dir='ltr'><strong>ut</strong></span> <span class='ocrx_word' id='word_1_49' title='bbox 663 1068 693 1130; x_wconf 90' lang='lat' dir='ltr'><strong>in</strong></span> <span class='ocrx_word' id='word_1_50' title='bbox 727 1064 820 1132; x_wconf 91' lang='lat' dir='ltr'><strong>aedes</strong></span> <span class='ocrx_word' id='word_1_51' title='bbox 849 1086 924 1131; x_wconf 89' lang='lat' dir='ltr'><strong>suas</strong></span> <span class='ocrx_word' id='word_1_52' title='bbox 954 1075 1060 1132; x_wconf 92' lang='lat' dir='ltr'><strong>scorta</strong></span> <span class='ocrx_word' id='word_1_53' title='bbox 1084 1064 1255 1131; x_wconf 77' lang='lat' dir='ltr'><strong>induceret</strong></span> <span class='ocrx_word' id='word_1_54' title='bbox 1275 1074 1306 1131; x_wconf 93' lang='lat' dir='ltr'><strong>et</strong></span> 
     </span>
     <span class='ocr_line' id='line_1_8' title="bbox 117 1184 1305 1272; baseline -0.002 -20"><span class='ocrx_word' id='word_1_55' title='bbox 117 1190 275 1272; x_wconf 84' lang='lat' dir='ltr'><strong>ingenuae</strong></span> <span class='ocrx_word' id='word_1_56' title='bbox 300 1194 331 1251; x_wconf 93' lang='lat' dir='ltr'><strong>et</strong></span> <span class='ocrx_word' id='word_1_57' title='bbox 355 1185 481 1251; x_wconf 90' lang='lat' dir='ltr'><strong>servilis</strong></span> <span class='ocrx_word' id='word_1_58' title='bbox 505 1184 702 1250; x_wconf 90' lang='lat' dir='ltr'><strong>condicionis</strong></span> <span class='ocrx_word' id='word_1_59' title='bbox 724 1205 853 1271; x_wconf 87' lang='lat' dir='ltr'><strong>eoque</strong></span> <span class='ocrx_word' id='word_1_60' title='bbox 877 1206 1045 1251; x_wconf 87' lang='lat' dir='ltr'><strong>uxorem</strong></span> <span class='ocrx_word' id='word_1_61' title='bbox 1071 1194 1305 1251; x_wconf 87' lang='lat' dir='ltr'><strong>matronam</strong></span> 
     </span>
     <span class='ocr_line' id='line_1_9' title="bbox 117 1304 1305 1392; baseline -0.001 -20"><span class='ocrx_word' id='word_1_62' title='bbox 117 1308 309 1392; x_wconf 90' lang='lat' dir='ltr'><strong>insignis</strong></span> <span class='ocrx_word' id='word_1_63' title='bbox 337 1305 578 1391; x_wconf 90' lang='lat' dir='ltr'><strong>pudicitiae</strong></span> <span class='ocrx_word' id='word_1_64' title='bbox 610 1305 825 1392; x_wconf 80' lang='lat' dir='ltr'><strong>adegisse,</strong></span> <span class='ocrx_word' id='word_1_65' title='bbox 860 1315 902 1372; x_wconf 90' lang='lat' dir='ltr'><strong>ut</strong></span> <span class='ocrx_word' id='word_1_66' title='bbox 928 1307 1077 1370; x_wconf 87' lang='lat' dir='ltr'><strong>mariti</strong></span> <span class='ocrx_word' id='word_1_67' title='bbox 1103 1305 1223 1370; x_wconf 91' lang='lat' dir='ltr'><strong>domo</strong></span> <span class='ocrx_word' id='word_1_68' title='bbox 1247 1304 1305 1371; x_wconf 88' lang='lat' dir='ltr'><strong>de·</strong></span> 
     </span>
     <span class='ocr_line' id='line_1_10' title="bbox 116 1425 1305 1512; baseline -0.002 -20"><span class='ocrx_word' id='word_1_69' title='bbox 116 1426 276 1492; x_wconf 88' lang='lat' dir='ltr'><strong>relicta</strong></span> <span class='ocrx_word' id='word_1_70' title='bbox 297 1426 344 1491; x_wconf 94' lang='lat' dir='ltr'><strong>ad</strong></span> <span class='ocrx_word' id='word_1_71' title='bbox 365 1425 613 1491; x_wconf 86' lang='lat' dir='ltr'><strong>archontem</strong></span> <span class='ocrx_word' id='word_1_72' title='bbox 634 1434 830 1511; x_wconf 86' lang='lat' dir='ltr'><strong>questum</strong></span> <span class='ocrx_word' id='word_1_73' title='bbox 853 1429 955 1501; x_wconf 91' lang='lat' dir='ltr'><strong>iret,</strong></span> <span class='ocrx_word' id='word_1_74' title='bbox 976 1426 1097 1490; x_wconf 91' lang='lat' dir='ltr'><strong>sicuti</strong></span> <span class='ocrx_word' id='word_1_75' title='bbox 1118 1425 1178 1490; x_wconf 83' lang='lat' dir='ltr'><strong>lex</strong></span> <span class='ocrx_word' id='word_1_76' title='bbox 1196 1426 1305 1512; x_wconf 80' lang='lat' dir='ltr'><strong>est³).</strong></span> 
     </span>
     <span class='ocr_line' id='line_1_11' title="bbox 116 1544 1305 1631; baseline 0.001 -20"><span class='ocrx_word' id='word_1_77' title='bbox 116 1546 236 1612; x_wconf 89' lang='lat' dir='ltr'><strong>Verum</strong></span> <span class='ocrx_word' id='word_1_78' title='bbox 269 1545 313 1610; x_wconf 90' lang='lat' dir='ltr'><strong>ihi</strong></span> <span class='ocrx_word' id='word_1_79' title='bbox 342 1545 392 1610; x_wconf 89' lang='lat' dir='ltr'><strong>vel</strong></span> <span class='ocrx_word' id='word_1_80' title='bbox 427 1547 565 1610; x_wconf 83' lang='lat' dir='ltr'><strong>maxime</strong></span> <span class='ocrx_word' id='word_1_81' title='bbox 598 1548 774 1631; x_wconf 87' lang='lat' dir='ltr'><strong>potentiam</strong></span> <span class='ocrx_word' id='word_1_82' title='bbox 806 1566 896 1611; x_wconf 88' lang='lat' dir='ltr'><strong>suam</strong></span> <span class='ocrx_word' id='word_1_83' title='bbox 928 1545 1123 1612; x_wconf 83' lang='lat' dir='ltr'><strong>declarasse:</strong></span> <span class='ocrx_word' id='word_1_84' title='bbox 1147 1544 1305 1612; x_wconf 88' lang='lat' dir='ltr'><strong>conducta</strong></span> 
     </span>
     <span class='ocr_line' id='line_1_12' title="bbox 115 1663 1304 1751; baseline -0.001 -19"><span class='ocrx_word' id='word_1_85' title='bbox 115 1667 202 1732; x_wconf 92' lang='lat' dir='ltr'><strong>enim</strong></span> <span class='ocrx_word' id='word_1_86' title='bbox 235 1665 409 1731; x_wconf 88' lang='lat' dir='ltr'><strong>satellitum</strong></span> <span class='ocrx_word' id='word_1_87' title='bbox 436 1673 565 1731; x_wconf 86' lang='lat' dir='ltr'><strong>caterva</strong></span> <span class='ocrx_word' id='word_1_88' title='bbox 589 1685 607 1731; x_wconf 92' lang='lat' dir='ltr'><strong>e</strong></span> <span class='ocrx_word' id='word_1_89' title='bbox 630 1663 698 1731; x_wconf 89' lang='lat' dir='ltr'><strong>loro</strong></span> <span class='ocrx_word' id='word_1_90' title='bbox 722 1666 855 1732; x_wconf 86' lang='lat' dir='ltr'><strong>uxorem</strong></span> <span class='ocrx_word' id='word_1_91' title='bbox 879 1686 937 1751; x_wconf 92' lang='lat' dir='ltr'><strong>per</strong></span> <span class='ocrx_word' id='word_1_92' title='bbox 957 1666 1022 1730; x_wconf 83' lang='lat' dir='ltr'><strong>vim</strong></span> <span class='ocrx_word' id='word_1_93' title='bbox 1048 1666 1227 1751; x_wconf 89' lang='lat' dir='ltr'><strong>rapientem</strong></span> <span class='ocrx_word' id='word_1_94' title='bbox 1252 1664 1304 1731; x_wconf 90' lang='lat' dir='ltr'><strong>ab·</strong></span> 
     </span>
     <span class='ocr_line' id='line_1_13' title="bbox 115 1784 1304 1872; baseline 0 -21"><span class='ocrx_word' id='word_1_95' title='bbox 115 1786 244 1852; x_wconf 90' lang='lat' dir='ltr'><strong>duxisse</strong></span> <span class='ocrx_word' id='word_1_96' title='bbox 276 1805 376 1871; x_wconf 91' lang='lat' dir='ltr'><strong>eoque</strong></span> <span class='ocrx_word' id='word_1_97' title='bbox 408 1784 557 1851; x_wconf 90' lang='lat' dir='ltr'><strong>omnibus</strong></span> <span class='ocrx_word' id='word_1_98' title='bbox 588 1785 691 1871; x_wconf 90' lang='lat' dir='ltr'><strong>palam</strong></span> <span class='ocrx_word' id='word_1_99' title='bbox 723 1786 837 1852; x_wconf 88' lang='lat' dir='ltr'><strong>lecisse</strong></span> <span class='ocrx_word' id='word_1_100' title='bbox 868 1795 899 1852; x_wconf 93' lang='lat' dir='ltr'><strong>et</strong></span> <span class='ocrx_word' id='word_1_101' title='bbox 930 1787 1139 1872; x_wconf 82' lang='lat' dir='ltr'><strong>magistratus</strong></span> <span class='ocrx_word' id='word_1_102' title='bbox 1163 1794 1197 1852; x_wconf 88' lang='lat' dir='ltr'><strong>et</strong></span> <span class='ocrx_word' id='word_1_103' title='bbox 1219 1786 1304 1871; x_wconf 90' lang='lat' dir='ltr'><strong>leges</strong></span> 
     </span>
     <span class='ocr_line' id='line_1_14' title="bbox 114 1904 1301 1991; baseline -0.001 -19"><span class='ocrx_word' id='word_1_104' title='bbox 114 1916 147 1972; x_wconf 88' lang='lat' dir='ltr'><strong>et</strong></span> <span class='ocrx_word' id='word_1_105' title='bbox 176 1907 262 1971; x_wconf 87' lang='lat' dir='ltr'><strong>ciras</strong></span> <span class='ocrx_word' id='word_1_106' title='bbox 294 1904 434 1991; x_wconf 91' lang='lat' dir='ltr'><strong>reliquos</strong></span> <span class='ocrx_word' id='word_1_107' title='bbox 465 1925 483 1969; x_wconf 91' lang='lat' dir='ltr'><strong>a</strong></span> <span class='ocrx_word' id='word_1_108' title='bbox 516 1925 549 1970; x_wconf 92' lang='lat' dir='ltr'><strong>se</strong></span> <span class='ocrx_word' id='word_1_109' title='bbox 582 1907 755 1970; x_wconf 88' lang='lat' dir='ltr'><strong>contemni.</strong></span> <span class='ocrx_word' id='word_1_110' title='bbox 803 1905 850 1970; x_wconf 88' lang='lat' dir='ltr'><strong>lta</strong></span> <span class='ocrx_word' id='word_1_111' title='bbox 882 1904 1071 1971; x_wconf 81' lang='lat' dir='ltr'><strong>Andocides.</strong></span> <span class='ocrx_word' id='word_1_112' title='bbox 1119 1905 1205 1971; x_wconf 85' lang='lat' dir='ltr'><strong>llaec</strong></span> <span class='ocrx_word' id='word_1_113' title='bbox 1230 1924 1301 1971; x_wconf 88' lang='lat' dir='ltr'><strong>cum</strong></span> 
     </span>
     <span class='ocr_line' id='line_1_15' title="bbox 114 2025 1304 2112; baseline -0.002 -21"><span class='ocrx_word' id='word_1_114' title='bbox 114 2026 318 2112; x_wconf 85' lang='lat' dir='ltr'><strong>disputamus</strong></span> <span class='ocrx_word' id='word_1_115' title='bbox 341 2046 405 2090; x_wconf 93' lang='lat' dir='ltr'><strong>non</strong></span> <span class='ocrx_word' id='word_1_116' title='bbox 426 2045 579 2091; x_wconf 89' lang='lat' dir='ltr'><strong>curamus</strong></span> <span class='ocrx_word' id='word_1_117' title='bbox 601 2025 699 2091; x_wconf 91' lang='lat' dir='ltr'><strong>huius</strong></span> <span class='ocrx_word' id='word_1_118' title='bbox 723 2027 876 2091; x_wconf 92' lang='lat' dir='ltr'><strong>orationis</strong></span> <span class='ocrx_word' id='word_1_119' title='bbox 901 2025 1012 2103; x_wconf 88' lang='lat' dir='ltr'><strong>fidem,</strong></span> <span class='ocrx_word' id='word_1_120' title='bbox 1037 2026 1114 2111; x_wconf 89' lang='lat' dir='ltr'><strong>quia</strong></span> <span class='ocrx_word' id='word_1_121' title='bbox 1137 2025 1304 2112; x_wconf 83' lang='lat' dir='ltr'><strong>apparebit</strong></span> 
     </span>
    </p>
   </div>
   <div class='ocr_carea' id='block_1_3' title="bbox 11 2145 1305 2232">
    <p class='ocr_par' dir='ltr' id='par_1_3' title="bbox 11 2145 1305 2232">
     <span class='ocr_line' id='line_1_16' title="bbox 11 2145 1305 2232; baseline -0.001 -21"><span class='ocrx_word' id='word_1_122' title='bbox 11 2181 14 2188; x_wconf 86' lang='lat'><em>-</em></span> <span class='ocrx_word' id='word_1_123' title='bbox 114 2147 251 2214; x_wconf 86' lang='lat' dir='ltr'><strong>oratoris</strong></span> <span class='ocrx_word' id='word_1_124' title='bbox 275 2145 550 2211; x_wconf 87' lang='lat' dir='ltr'><strong>narratiunculam</strong></span> <span class='ocrx_word' id='word_1_125' title='bbox 577 2145 657 2210; x_wconf 92' lang='lat' dir='ltr'><strong>nihil</strong></span> <span class='ocrx_word' id='word_1_126' title='bbox 680 2146 827 2232; x_wconf 90' lang='lat' dir='ltr'><strong>probare.</strong></span> <span class='ocrx_word' id='word_1_127' title='bbox 876 2145 910 2211; x_wconf 90' lang='lat' dir='ltr'><strong>Si</strong></span> <span class='ocrx_word' id='word_1_128' title='bbox 933 2145 1025 2211; x_wconf 91' lang='lat' dir='ltr'><strong>nobis</strong></span> <span class='ocrx_word' id='word_1_129' title='bbox 1048 2155 1157 2212; x_wconf 83' lang='lat' dir='ltr'><strong>auteur</strong></span> <span class='ocrx_word' id='word_1_130' title='bbox 1181 2166 1220 2212; x_wconf 89' lang='lat' dir='ltr'><strong>ex</strong></span> <span class='ocrx_word' id='word_1_131' title='bbox 1246 2145 1305 2211; x_wconf 91' lang='lat' dir='ltr'><strong>hac</strong></span> 
     </span>
    </p>
   </div>
   <div class='ocr_carea' id='block_1_4' title="bbox 108 2264 1305 3905">
    <p class='ocr_par' dir='ltr' id='par_1_4' title="bbox 108 2264 1305 3905">
     <span class='ocr_line' id='line_1_17' title="bbox 115 2264 1304 2351; baseline -0.002 -19"><span class='ocrx_word' id='word_1_132' title='bbox 115 2267 257 2332; x_wconf 90' lang='lat' dir='ltr'><strong>oratioue</strong></span> <span class='ocrx_word' id='word_1_133' title='bbox 288 2265 510 2330; x_wconf 90' lang='lat' dir='ltr'><strong>testimonium</strong></span> <span class='ocrx_word' id='word_1_134' title='bbox 544 2265 742 2331; x_wconf 91' lang='lat' dir='ltr'><strong>allerendum</strong></span> <span class='ocrx_word' id='word_1_135' title='bbox 771 2274 869 2340; x_wconf 87' lang='lat' dir='ltr'><strong>esset,</strong></span> <span class='ocrx_word' id='word_1_136' title='bbox 896 2286 958 2351; x_wconf 90' lang='lat' dir='ltr'><strong>quo</strong></span> <span class='ocrx_word' id='word_1_137' title='bbox 981 2267 1064 2332; x_wconf 91' lang='lat' dir='ltr'><strong>iuris</strong></span> <span class='ocrx_word' id='word_1_138' title='bbox 1088 2265 1199 2350; x_wconf 91' lang='lat' dir='ltr'><strong>regula</strong></span> <span class='ocrx_word' id='word_1_139' title='bbox 1221 2264 1304 2332; x_wconf 88' lang='lat' dir='ltr'><strong>effici</strong></span> 
     </span>
     <span class='ocr_line' id='line_1_18' title="bbox 113 2383 1305 2470; baseline 0 -20"><span class='ocrx_word' id='word_1_140' title='bbox 113 2384 263 2462; x_wconf 85' lang='lat' dir='ltr'><strong>deberet,</strong></span> <span class='ocrx_word' id='word_1_141' title='bbox 289 2404 351 2449; x_wconf 94' lang='lat' dir='ltr'><strong>non</strong></span> <span class='ocrx_word' id='word_1_142' title='bbox 377 2385 422 2449; x_wconf 88' lang='lat' dir='ltr'><strong>ita</strong></span> <span class='ocrx_word' id='word_1_143' title='bbox 442 2383 556 2449; x_wconf 89' lang='lat' dir='ltr'><strong>leviter</strong></span> <span class='ocrx_word' id='word_1_144' title='bbox 576 2387 795 2470; x_wconf 88' lang='lat' dir='ltr'><strong>quaestionem</strong></span> <span class='ocrx_word' id='word_1_145' title='bbox 818 2386 857 2450; x_wconf 91' lang='lat' dir='ltr'><strong>dc</strong></span> <span class='ocrx_word' id='word_1_146' title='bbox 877 2385 938 2452; x_wconf 85' lang='lat' dir='ltr'><strong>lida</strong></span> <span class='ocrx_word' id='word_1_147' title='bbox 957 2385 1130 2452; x_wconf 87' lang='lat' dir='ltr'><strong>Andocidis</strong></span> <span class='ocrx_word' id='word_1_148' title='bbox 1148 2386 1305 2451; x_wconf 87' lang='lat' dir='ltr'><strong>orationis</strong></span> 
     </span>
     <span class='ocr_line' id='line_1_19' title="bbox 112 2502 1303 2572; baseline 0.002 -3"><span class='ocrx_word' id='word_1_149' title='bbox 112 2513 224 2570; x_wconf 84' lang='lat' dir='ltr'><strong>contra</strong></span> <span class='ocrx_word' id='word_1_150' title='bbox 249 2502 447 2570; x_wconf 88' lang='lat' dir='ltr'><strong>Alcibiadem</strong></span> <span class='ocrx_word' id='word_1_151' title='bbox 473 2512 697 2571; x_wconf 89' lang='lat' dir='ltr'><strong>tractaremus.</strong></span> <span class='ocrx_word' id='word_1_152' title='bbox 744 2505 831 2570; x_wconf 88' lang='lat' dir='ltr'><strong>Nihil</strong></span> <span class='ocrx_word' id='word_1_153' title='bbox 854 2526 930 2572; x_wconf 84' lang='lat' dir='ltr'><strong>vero</strong></span> <span class='ocrx_word' id='word_1_154' title='bbox 953 2516 1063 2571; x_wconf 87' lang='lat' dir='ltr'><strong>nostra</strong></span> <span class='ocrx_word' id='word_1_155' title='bbox 1088 2507 1121 2570; x_wconf 88' lang='lat' dir='ltr'><strong>iu</strong></span> <span class='ocrx_word' id='word_1_156' title='bbox 1144 2525 1181 2570; x_wconf 89' lang='lat' dir='ltr'><strong>re</strong></span> <span class='ocrx_word' id='word_1_157' title='bbox 1203 2503 1303 2571; x_wconf 83' lang='lat' dir='ltr'><strong>relect</strong></span> 
     </span>
     <span class='ocr_line' id='line_1_20' title="bbox 111 2624 1304 2711; baseline 0.001 -22"><span class='ocrx_word' id='word_1_158' title='bbox 111 2626 196 2691; x_wconf 91' lang='lat' dir='ltr'><strong>sitne</strong></span> <span class='ocrx_word' id='word_1_159' title='bbox 227 2625 337 2711; x_wconf 91' lang='lat' dir='ltr'><strong>spuria</strong></span> <span class='ocrx_word' id='word_1_160' title='bbox 368 2644 408 2689; x_wconf 90' lang='lat' dir='ltr'><strong>au</strong></span> <span class='ocrx_word' id='word_1_161' title='bbox 442 2627 598 2709; x_wconf 85' lang='lat' dir='ltr'><strong>genuina,</strong></span> <span class='ocrx_word' id='word_1_162' title='bbox 634 2645 710 2689; x_wconf 90' lang='lat' dir='ltr'><strong>nam</strong></span> <span class='ocrx_word' id='word_1_163' title='bbox 745 2626 771 2688; x_wconf 93' lang='lat' dir='ltr'><strong>si</strong></span> <span class='ocrx_word' id='word_1_164' title='bbox 804 2626 915 2711; x_wconf 92' lang='lat' dir='ltr'><strong>spuria</strong></span> <span class='ocrx_word' id='word_1_165' title='bbox 947 2633 1015 2702; x_wconf 91' lang='lat' dir='ltr'><strong>est,</strong></span> <span class='ocrx_word' id='word_1_166' title='bbox 1039 2624 1214 2710; x_wconf 89' lang='lat' dir='ltr'><strong>disputatio</strong></span> <span class='ocrx_word' id='word_1_167' title='bbox 1238 2645 1304 2690; x_wconf 91' lang='lat' dir='ltr'><strong>non</strong></span> 
     </span>
     <span class='ocr_line' id='line_1_21' title="bbox 112 2742 1304 2829; baseline -0.002 -19"><span class='ocrx_word' id='word_1_168' title='bbox 112 2746 175 2810; x_wconf 93' lang='lat' dir='ltr'><strong>nisi</strong></span> <span class='ocrx_word' id='word_1_169' title='bbox 207 2747 292 2810; x_wconf 89' lang='lat' dir='ltr'><strong>vires</strong></span> <span class='ocrx_word' id='word_1_170' title='bbox 323 2745 485 2829; x_wconf 87' lang='lat' dir='ltr'><strong>acquiret,</strong></span> <span class='ocrx_word' id='word_1_171' title='bbox 518 2746 545 2809; x_wconf 93' lang='lat' dir='ltr'><strong>si</strong></span> <span class='ocrx_word' id='word_1_172' title='bbox 574 2745 733 2828; x_wconf 88' lang='lat' dir='ltr'><strong>genuina,</strong></span> <span class='ocrx_word' id='word_1_173' title='bbox 758 2744 857 2810; x_wconf 92' lang='lat' dir='ltr'><strong>nihilo</strong></span> <span class='ocrx_word' id='word_1_174' title='bbox 881 2744 1040 2809; x_wconf 87' lang='lat' dir='ltr'><strong>infirmior</strong></span> <span class='ocrx_word' id='word_1_175' title='bbox 1063 2747 1135 2810; x_wconf 89' lang='lat' dir='ltr'><strong>erit.</strong></span> <span class='ocrx_word' id='word_1_176' title='bbox 1184 2742 1304 2809; x_wconf 84' lang='lat' dir='ltr'><strong>Orator</strong></span> 
     </span>
     <span class='ocr_line' id='line_1_22' title="bbox 112 2840 1303 2945; baseline -0.002 -15"><span class='ocrx_word' id='word_1_177' title='bbox 112 2873 221 2931; x_wconf 87' lang='lat' dir='ltr'><strong>aulem</strong></span> <span class='ocrx_word' id='word_1_178' title='bbox 252 2884 331 2930; x_wconf 89' lang='lat' dir='ltr'><strong>usus</strong></span> <span class='ocrx_word' id='word_1_179' title='bbox 365 2871 413 2930; x_wconf 87' lang='lat' dir='ltr'><strong>est</strong></span> <span class='ocrx_word' id='word_1_180' title='bbox 444 2863 607 2929; x_wconf 86' lang='lat' dir='ltr'><strong>vocabulis</strong></span> <span class='ocrx_word' id='word_1_181' title='bbox 639 2864 786 2928; x_wconf 78' lang='grc' dir='ltr'><strong>ἐλθοῦσαν</strong></span> <span class='ocrx_word' id='word_1_182' title='bbox 809 2864 881 2945; x_wconf 77' lang='grc' dir='ltr'><strong>πρὸς</strong></span> <span class='ocrx_word' id='word_1_183' title='bbox 904 2864 956 2928; x_wconf 78' lang='grc' dir='ltr'><strong>τὸν</strong></span> <span class='ocrx_word' id='word_1_184' title='bbox 979 2840 1118 2944; x_wconf 59' lang='lat' dir='ltr'><strong>dadacum</strong></span> <span class='ocrx_word' id='word_1_185' title='bbox 1140 2863 1227 2928; x_wconf 70' lang='grc' dir='ltr'><strong><em>κατὰ</em></strong></span> <span class='ocrx_word' id='word_1_186' title='bbox 1250 2867 1303 2930; x_wconf 76' lang='grc' dir='ltr'><strong>τὸν</strong></span> 
     </span>
     <span class='ocr_line' id='line_1_23' title="bbox 111 2982 1302 3069; baseline -0.003 -18"><span class='ocrx_word' id='word_1_187' title='bbox 111 2986 210 3064; x_wconf 76' lang='grc' dir='ltr'><strong><em>νόμον.</em></strong></span> <span class='ocrx_word' id='word_1_188' title='bbox 259 2986 300 3051; x_wconf 90' lang='lat' dir='ltr'><strong>At</strong></span> <span class='ocrx_word' id='word_1_189' title='bbox 332 2984 383 3050; x_wconf 90' lang='lat' dir='ltr'><strong>his</strong></span> <span class='ocrx_word' id='word_1_190' title='bbox 412 2983 492 3049; x_wconf 94' lang='lat' dir='ltr'><strong>nihil</strong></span> <span class='ocrx_word' id='word_1_191' title='bbox 509 2984 756 3069; x_wconf 71' lang='lat' dir='ltr'><strong>‘probatur&#39;nisi</strong></span> <span class='ocrx_word' id='word_1_192' title='bbox 780 3003 888 3048; x_wconf 90' lang='lat' dir='ltr'><strong>coram</strong></span> <span class='ocrx_word' id='word_1_193' title='bbox 913 2982 1023 3049; x_wconf 90' lang='lat' dir='ltr'><strong>adesse</strong></span> <span class='ocrx_word' id='word_1_194' title='bbox 1047 2982 1162 3050; x_wconf 88' lang='lat' dir='ltr'><strong>debere</strong></span> <span class='ocrx_word' id='word_1_195' title='bbox 1186 2982 1302 3049; x_wconf 89' lang='lat' dir='ltr'><strong>mulie·</strong></span> 
     </span>
     <span class='ocr_line' id='line_1_24' title="bbox 110 3101 1299 3190; baseline -0.002 -20"><span class='ocrx_word' id='word_1_196' title='bbox 110 3124 179 3172; x_wconf 89' lang='lat' dir='ltr'><strong>rem</strong></span> <span class='ocrx_word' id='word_1_197' title='bbox 204 3104 288 3190; x_wconf 90' lang='lat' dir='ltr'><strong>apud</strong></span> <span class='ocrx_word' id='word_1_198' title='bbox 313 3104 518 3180; x_wconf 88' lang='lat' dir='ltr'><strong>archontem,</strong></span> <span class='ocrx_word' id='word_1_199' title='bbox 543 3122 616 3168; x_wconf 82' lang='lat' dir='ltr'><strong>cunr</strong></span> <span class='ocrx_word' id='word_1_200' title='bbox 642 3123 659 3168; x_wconf 95' lang='lat' dir='ltr'><strong>a</strong></span> <span class='ocrx_word' id='word_1_201' title='bbox 684 3104 801 3168; x_wconf 85' lang='lat' dir='ltr'><strong>marito</strong></span> <span class='ocrx_word' id='word_1_202' title='bbox 824 3101 985 3168; x_wconf 89' lang='lat' dir='ltr'><strong>divertere</strong></span> <span class='ocrx_word' id='word_1_203' title='bbox 1007 3113 1154 3188; x_wconf 88' lang='lat' dir='ltr'><strong>cuperet;</strong></span> <span class='ocrx_word' id='word_1_204' title='bbox 1178 3104 1235 3188; x_wconf 89' lang='lat' dir='ltr'><strong>qui</strong></span> <span class='ocrx_word' id='word_1_205' title='bbox 1254 3101 1299 3168; x_wconf 91' lang='lat' dir='ltr'><strong>l.l.</strong></span> 
     </span>
     <span class='ocr_line' id='line_1_25' title="bbox 110 3221 1300 3308; baseline -0.002 -20"><span class='ocrx_word' id='word_1_206' title='bbox 110 3226 216 3291; x_wconf 90' lang='lat' dir='ltr'><strong>inesse</strong></span> <span class='ocrx_word' id='word_1_207' title='bbox 240 3231 371 3289; x_wconf 91' lang='lat' dir='ltr'><strong>censent</strong></span> <span class='ocrx_word' id='word_1_208' title='bbox 394 3223 496 3308; x_wconf 91' lang='lat' dir='ltr'><strong>legem</strong></span> <span class='ocrx_word' id='word_1_209' title='bbox 522 3221 692 3286; x_wconf 91' lang='lat' dir='ltr'><strong>mulieri</strong></span> <span class='ocrx_word' id='word_1_210' title='bbox 719 3223 803 3308; x_wconf 91' lang='lat' dir='ltr'><strong>ipsi</strong></span> <span class='ocrx_word' id='word_1_211' title='bbox 824 3223 868 3285; x_wconf 91' lang='lat' dir='ltr'><strong>in</strong></span> <span class='ocrx_word' id='word_1_212' title='bbox 888 3222 981 3287; x_wconf 89' lang='lat' dir='ltr'><strong>iure</strong></span> <span class='ocrx_word' id='word_1_213' title='bbox 1000 3221 1109 3307; x_wconf 90' lang='lat' dir='ltr'><strong>apud</strong></span> <span class='ocrx_word' id='word_1_214' title='bbox 1129 3221 1300 3288; x_wconf 91' lang='lat' dir='ltr'><strong>archon·</strong></span> 
     </span>
     <span class='ocr_line' id='line_1_26' title="bbox 110 3339 1300 3427; baseline 0.001 -21"><span class='ocrx_word' id='word_1_215' title='bbox 110 3350 191 3408; x_wconf 90' lang='lat' dir='ltr'><strong>tem</strong></span> <span class='ocrx_word' id='word_1_216' title='bbox 225 3341 429 3426; x_wconf 87' lang='lat' dir='ltr'><strong>agendum</strong></span> <span class='ocrx_word' id='word_1_217' title='bbox 460 3359 574 3416; x_wconf 91' lang='lat' dir='ltr'><strong>esse,</strong></span> <span class='ocrx_word' id='word_1_218' title='bbox 605 3339 650 3405; x_wconf 92' lang='lat' dir='ltr'><strong>illi</strong></span> <span class='ocrx_word' id='word_1_219' title='bbox 682 3340 875 3427; x_wconf 87' lang='lat' dir='ltr'><strong>plusquam</strong></span> <span class='ocrx_word' id='word_1_220' title='bbox 899 3340 952 3405; x_wconf 91' lang='lat' dir='ltr'><strong>alii</strong></span> <span class='ocrx_word' id='word_1_221' title='bbox 978 3340 1086 3406; x_wconf 89' lang='lat' dir='ltr'><strong>vident</strong></span> <span class='ocrx_word' id='word_1_222' title='bbox 1111 3350 1142 3407; x_wconf 93' lang='lat' dir='ltr'><strong>et</strong></span> <span class='ocrx_word' id='word_1_223' title='bbox 1169 3343 1300 3427; x_wconf 85' lang='lat' dir='ltr'><strong>egregia</strong></span> 
     </span>
     <span class='ocr_line' id='line_1_27' title="bbox 111 3460 1299 3548; baseline 0.001 -20"><span class='ocrx_word' id='word_1_224' title='bbox 111 3462 242 3548; x_wconf 86' lang='lat' dir='ltr'><strong>quidam</strong></span> <span class='ocrx_word' id='word_1_225' title='bbox 279 3470 417 3526; x_wconf 92' lang='lat' dir='ltr'><strong>utuntur</strong></span> <span class='ocrx_word' id='word_1_226' title='bbox 456 3460 621 3527; x_wconf 90' lang='lat' dir='ltr'><strong>divinandi</strong></span> <span class='ocrx_word' id='word_1_227' title='bbox 658 3470 742 3538; x_wconf 88' lang='lat' dir='ltr'><strong>arte,</strong></span> <span class='ocrx_word' id='word_1_228' title='bbox 776 3460 831 3526; x_wconf 90' lang='lat' dir='ltr'><strong>sed</strong></span> <span class='ocrx_word' id='word_1_229' title='bbox 853 3468 990 3538; x_wconf 82' lang='lat' dir='ltr'><strong>errant,</strong></span> <span class='ocrx_word' id='word_1_230' title='bbox 1024 3479 1097 3525; x_wconf 90' lang='lat' dir='ltr'><strong>narn</strong></span> <span class='ocrx_word' id='word_1_231' title='bbox 1132 3471 1299 3546; x_wconf 86' lang='lat' dir='ltr'><strong>propterea</strong></span> 
     </span>
     <span class='ocr_line' id='line_1_28' title="bbox 110 3580 1300 3666; baseline -0.003 -17"><span class='ocrx_word' id='word_1_232' title='bbox 110 3600 189 3650; x_wconf 91' lang='lat' dir='ltr'><strong>suus</strong></span> <span class='ocrx_word' id='word_1_233' title='bbox 220 3582 337 3666; x_wconf 89' lang='lat' dir='ltr'><strong>cuique</strong></span> <span class='ocrx_word' id='word_1_234' title='bbox 367 3580 496 3646; x_wconf 91' lang='lat' dir='ltr'><strong>mulieri</strong></span> <span class='ocrx_word' id='word_1_235' title='bbox 528 3581 624 3662; x_wconf 77' lang='grc' dir='ltr'><strong><em>κύριος</em></strong></span> <span class='ocrx_word' id='word_1_236' title='bbox 657 3589 745 3658; x_wconf 90' lang='lat' dir='ltr'><strong>erat,</strong></span> <span class='ocrx_word' id='word_1_237' title='bbox 781 3582 836 3666; x_wconf 90' lang='lat' dir='ltr'><strong>qui</strong></span> <span class='ocrx_word' id='word_1_238' title='bbox 870 3582 939 3646; x_wconf 92' lang='lat' dir='ltr'><strong>eius</strong></span> <span class='ocrx_word' id='word_1_239' title='bbox 968 3599 1136 3666; x_wconf 90' lang='lat' dir='ltr'><strong>personam</strong></span> <span class='ocrx_word' id='word_1_240' title='bbox 1172 3580 1205 3646; x_wconf 91' lang='lat' dir='ltr'><strong>iu</strong></span> <span class='ocrx_word' id='word_1_241' title='bbox 1230 3583 1300 3646; x_wconf 89' lang='lat' dir='ltr'><strong>iure</strong></span> 
     </span>
     <span class='ocr_line' id='line_1_29' title="bbox 109 3699 1299 3786; baseline -0.003 -17"><span class='ocrx_word' id='word_1_242' title='bbox 109 3704 296 3769; x_wconf 87' lang='lat' dir='ltr'><strong>sustineret.</strong></span> <span class='ocrx_word' id='word_1_243' title='bbox 344 3700 408 3766; x_wconf 90' lang='lat' dir='ltr'><strong>Nec</strong></span> <span class='ocrx_word' id='word_1_244' title='bbox 441 3701 629 3786; x_wconf 89' lang='lat' dir='ltr'><strong>quisquam,</strong></span> <span class='ocrx_word' id='word_1_245' title='bbox 662 3701 791 3786; x_wconf 91' lang='lat' dir='ltr'><strong>opinor,</strong></span> <span class='ocrx_word' id='word_1_246' title='bbox 822 3720 861 3764; x_wconf 86' lang='lat' dir='ltr'><strong>ex</strong></span> <span class='ocrx_word' id='word_1_247' title='bbox 892 3719 955 3766; x_wconf 91' lang='lat' dir='ltr'><strong>uno</strong></span> <span class='ocrx_word' id='word_1_248' title='bbox 979 3699 1152 3765; x_wconf 90' lang='lat' dir='ltr'><strong>Andocidis</strong></span> <span class='ocrx_word' id='word_1_249' title='bbox 1175 3699 1246 3766; x_wconf 90' lang='lat' dir='ltr'><strong>loco</strong></span> <span class='ocrx_word' id='word_1_250' title='bbox 1267 3699 1299 3766; x_wconf 91' lang='lat' dir='ltr'><strong>id</strong></span> 
     </span>
     <span class='ocr_line' id='line_1_30' title="bbox 108 3819 1298 3905; baseline -0.005 -15"><span class='ocrx_word' id='word_1_251' title='bbox 108 3823 283 3899; x_wconf 83' lang='lat' dir='ltr'><strong>effecisset,</strong></span> <span class='ocrx_word' id='word_1_252' title='bbox 316 3822 376 3885; x_wconf 92' lang='lat' dir='ltr'><strong>nisi</strong></span> <span class='ocrx_word' id='word_1_253' title='bbox 410 3819 616 3897; x_wconf 85' lang='lat' dir='ltr'><strong>Plutarchus,</strong></span> <span class='ocrx_word' id='word_1_254' title='bbox 647 3822 702 3905; x_wconf 86' lang='lat' dir='ltr'><strong>qui</strong></span> <span class='ocrx_word' id='word_1_255' title='bbox 734 3819 814 3886; x_wconf 93' lang='lat' dir='ltr'><strong>solet</strong></span> <span class='ocrx_word' id='word_1_256' title='bbox 846 3839 955 3885; x_wconf 87' lang='lat' dir='ltr'><strong>errare</strong></span> <span class='ocrx_word' id='word_1_257' title='bbox 988 3820 1021 3884; x_wconf 91' lang='lat' dir='ltr'><strong>in</strong></span> <span class='ocrx_word' id='word_1_258' title='bbox 1053 3819 1298 3887; x_wconf 89' lang='lat' dir='ltr'><strong>Atheniensium</strong></span> 
     </span>
    </p>
   </div>
   <div class='ocr_carea' id='block_1_5' title="bbox 110 3991 319 4006">
    <p class='ocr_par' dir='ltr' id='par_1_5' title="bbox 110 3991 319 4006">
     <span class='ocr_line' id='line_1_31' title="bbox 110 3991 319 4006; baseline -0.005 0"><span class='ocrx_word' id='word_1_259' title='bbox 110 3991 319 4006; x_wconf 51' lang='grc' dir='ltr'><strong>-ῌ</strong></span> 
     </span>
    </p>
   </div>
   <div class='ocr_carea' id='block_1_6' title="bbox 108 4094 1297 4237">
    <p class='ocr_par' dir='ltr' id='par_1_6' title="bbox 108 4094 1297 4237">
     <span class='ocr_line' id='line_1_32' title="bbox 146 4094 1297 4169; baseline -0.006 -18"><span class='ocrx_word' id='word_1_260' title='bbox 146 4100 174 4167; x_wconf 87' lang='grc'><strong>1)</strong></span> <span class='ocrx_word' id='word_1_261' title='bbox 195 4116 219 4169; x_wconf 92' lang='lat' dir='ltr'><strong>p.</strong></span> <span class='ocrx_word' id='word_1_262' title='bbox 230 4101 297 4162; x_wconf 82' lang='lat'><strong>871,</strong></span> <span class='ocrx_word' id='word_1_263' title='bbox 319 4098 333 4165; x_wconf 85' lang='lat'>§</span> <span class='ocrx_word' id='word_1_264' title='bbox 354 4100 402 4150; x_wconf 81' lang='lat'><strong>26:</strong></span> <span class='ocrx_word' id='word_1_265' title='bbox 420 4098 492 4157; x_wconf 74' lang='grc' dir='ltr'><strong>μετὰ</strong></span> <span class='ocrx_word' id='word_1_266' title='bbox 518 4096 550 4144; x_wconf 78' lang='grc' dir='ltr'><strong>τὸ</strong></span> <span class='ocrx_word' id='word_1_267' title='bbox 573 4094 734 4162; x_wconf 72' lang='grc' dir='ltr'><strong>γεγράφθαι</strong></span> <span class='ocrx_word' id='word_1_268' title='bbox 762 4095 836 4163; x_wconf 77' lang='grc' dir='ltr'><strong><em>παρὰ</em></strong></span> <span class='ocrx_word' id='word_1_269' title='bbox 860 4095 898 4161; x_wconf 73' lang='grc' dir='ltr'><strong>τῷ</strong></span> <span class='ocrx_word' id='word_1_270' title='bbox 921 4094 1035 4164; x_wconf 75' lang='grc' dir='ltr'><strong><em>ἄρχοντι</em></strong></span> <span class='ocrx_word' id='word_1_271' title='bbox 1053 4095 1160 4160; x_wconf 75' lang='grc' dir='ltr'><strong><em>ταύτην</em></strong></span> <span class='ocrx_word' id='word_1_272' title='bbox 1178 4099 1230 4159; x_wconf 78' lang='grc' dir='ltr'><strong>τὴν</strong></span> <span class='ocrx_word' id='word_1_273' title='bbox 1249 4111 1297 4159; x_wconf 77' lang='lat' dir='ltr'><strong>yn·</strong></span> 
     </span>
     <span class='ocr_line' id='line_1_33' title="bbox 108 4183 426 4237; baseline 0.016 -5"><span class='ocrx_word' id='word_1_274' title='bbox 108 4187 179 4233; x_wconf 72' lang='lat' dir='ltr'><strong>rair’</strong></span> <span class='ocrx_word' id='word_1_275' title='bbox 201 4183 426 4237; x_wconf 70' lang='grc' dir='ltr'><strong><em>ἀπολελοιπυῖαν.</em></strong></span> 
     </span>
    </p>
   </div>
   <div class='ocr_carea' id='block_1_7' title="bbox 146 4267 1297 4428">
    <p class='ocr_par' dir='ltr' id='par_1_7' title="bbox 146 4267 1297 4428">
     <span class='ocr_line' id='line_1_34' title="bbox 146 4267 924 4353; baseline 0.001 -33"><span class='ocrx_word' id='word_1_276' title='bbox 146 4272 176 4338; x_wconf 81' lang='lat'><strong>2)</strong></span> <span class='ocrx_word' id='word_1_277' title='bbox 196 4287 217 4320; x_wconf 89' lang='lat' dir='ltr'><strong>e.</strong></span> <span class='ocrx_word' id='word_1_278' title='bbox 239 4267 321 4322; x_wconf 89' lang='lat' dir='ltr'><strong>Alcih.</strong></span> <span class='ocrx_word' id='word_1_279' title='bbox 345 4289 367 4341; x_wconf 93' lang='lat' dir='ltr'><strong>p.</strong></span> <span class='ocrx_word' id='word_1_280' title='bbox 383 4274 434 4335; x_wconf 86' lang='lat'><strong>30,</strong></span> <span class='ocrx_word' id='word_1_281' title='bbox 455 4271 468 4337; x_wconf 61' lang='lat' dir='ltr'><strong>A</strong></span> <span class='ocrx_word' id='word_1_282' title='bbox 490 4273 532 4321; x_wconf 87' lang='lat' dir='ltr'><strong>ll.</strong></span> <span class='ocrx_word' id='word_1_283' title='bbox 913 4343 924 4353; x_wconf 80' lang='lat'>‚</span> 
     </span>
     <span class='ocr_line' id='line_1_35' title="bbox 146 4356 1297 4428; baseline 0.003 -24"><span class='ocrx_word' id='word_1_284' title='bbox 146 4361 175 4428; x_wconf 88' lang='grc'><strong>3)</strong></span> <span class='ocrx_word' id='word_1_285' title='bbox 196 4356 257 4406; x_wconf 79' lang='grc' dir='ltr'>ὥστ’</span> <span class='ocrx_word' id='word_1_286' title='bbox 280 4356 417 4420; x_wconf 70' lang='grc' dir='ltr'><strong>ἠνάγκασε</strong></span> <span class='ocrx_word' id='word_1_287' title='bbox 442 4359 493 4420; x_wconf 84' lang='grc' dir='ltr'><strong>τὴν</strong></span> <span class='ocrx_word' id='word_1_288' title='bbox 521 4363 639 4420; x_wconf 72' lang='grc' dir='ltr'><strong><em>γυναῖκα</em></strong></span> <span class='ocrx_word' id='word_1_289' title='bbox 657 4357 879 4423; x_wconf 65' lang='lat' dir='ltr'><strong>supponendam</strong></span> <span class='ocrx_word' id='word_1_290' title='bbox 897 4356 978 4409; x_wconf 74' lang='grc' dir='ltr'><strong><em>οὖσαν</em></strong></span> <span class='ocrx_word' id='word_1_291' title='bbox 996 4357 1144 4408; x_wconf 72' lang='grc' dir='ltr'><em>ἀπολιπεῖν</em></span> <span class='ocrx_word' id='word_1_292' title='bbox 1159 4357 1297 4411; x_wconf 71' lang='grc' dir='ltr'><strong><em>ἐλθοῦσαν</em></strong></span> 
     </span>
    </p>
   </div>
   <div class='ocr_carea' id='block_1_8' title="bbox 108 4444 636 4517">
    <p class='ocr_par' dir='ltr' id='par_1_8' title="bbox 108 4444 636 4517">
     <span class='ocr_line' id='line_1_36' title="bbox 108 4444 636 4517; baseline -0.004 -20"><span class='ocrx_word' id='word_1_293' title='bbox 108 4445 174 4517; x_wconf 78' lang='grc' dir='ltr'><strong><em>πρὸς</em></strong></span> <span class='ocrx_word' id='word_1_294' title='bbox 188 4447 235 4497; x_wconf 73' lang='grc' dir='ltr'><strong>τὸν</strong></span> <span class='ocrx_word' id='word_1_295' title='bbox 252 4444 376 4513; x_wconf 77' lang='grc' dir='ltr'><strong><em>ἄρχοντα</em></strong></span> <span class='ocrx_word' id='word_1_296' title='bbox 395 4446 465 4497; x_wconf 84' lang='grc' dir='ltr'><strong><em>κατὰ</em></strong></span> <span class='ocrx_word' id='word_1_297' title='bbox 482 4446 529 4496; x_wconf 82' lang='grc' dir='ltr'><strong>τὸν</strong></span> <span class='ocrx_word' id='word_1_298' title='bbox 546 4444 636 4510; x_wconf 73' lang='grc' dir='ltr'><strong><em>νόμον.</em></strong></span> 
     </span>
    </p>
   </div>
   <div class='ocr_carea' id='block_1_9' title="bbox 0 0 1426 5018">
    <p class='ocr_par' dir='ltr' id='par_1_9' title="bbox 0 0 1426 5018">
     <span class='ocr_line' id='line_1_37' title="bbox 0 0 1426 5018; baseline 0 3"><span class='ocrx_word' id='word_1_299' title='bbox 0 0 1426 5018; x_wconf 95' lang='lat' dir='ltr'><strong> </strong></span> 
     </span>
    </p>
   </div>
  </div>
 </body>
</html>
