2842 5018
657 241 890 337 121'1

84 451 121 511 ιιι
154 451 278 512 notum·
300 453 366 522 est,
400 443 514 511 incidit
545 463 629 510 anuo
662 443 787 510 decimo
817 444 931 531 quiuto
963 444 1079 511 aetatis
1109 442 1278 531 completo.

127 564 280 652 Inscripti
314 565 346 629 iu
380 563 504 631 tabulas
535 562 747 630 laxiarchicas
779 563 1005 631 iusiurandum
1020 565 1046 650 ¹)
1071 563 1277 650 praestabant

80 684 113 748 in
143 683 276 770 Aglauri
308 683 396 761 lano,
428 704 509 770 quae
541 684 690 771 Cecropis
721 683 786 750 iilia
817 682 973 770 Eumolpo
997 702 1071 750 cum
1095 682 1275 749 Thracibus

79 802 221 870 Athenas
240 802 448 890 aggrediente
467 823 507 870 ex
526 803 657 869 oraculo
676 824 745 870 sese
765 823 784 869 a
804 822 898 869 muro
913 803 1072 870 deiiciens
1091 822 1150 889 pro
1167 804 1274 889 patria

80 931 217 990 mortem
250 923 411 989 occubuit.
459 922 671 992 Athenienses
702 924 763 989 hac
788 923 967 989 voluntaria
990 930 1095 988 morte
1117 921 1190 988 belli
1215 941 1272 1008 pce

78 1042 181 1110 riculo
205 1043 331 1110 liberati
355 1043 395 1109 ad
419 1044 519 1109 imam
547 1062 654 1110 arcem
680 1043 812 1128 Aglauri
832 1062 961 1108 sacrum
981 1040 1273 1133 condiderunhad

77 1162 163 1251 quud
198 1162 312 1250 ephebi
347 1162 536 1251 iurabanm)
553 1163 605 1229 id
632 1163 858 1230 iusiurandum
890 1162 973 1249 quod
1007 1169 1171 1228 servatum
1202 1180 1272 1227 esse

79 1282 174 1369 vulgo
205 1291 337 1371 putant,
371 1291 407 1350 ut
437 1303 512 1350 vero
544 1283 577 1348 in
602 1282 721 1350 talibus
746 1283 816 1350 lieri
837 1282 918 1349 solet
939 1280 1040 1349 nubes
1063 1291 1111 1349 est
1136 1300 1194 1367 pro
1215 1281 1271 1347 lu·

81 1403 214 1487 bonel).

122 1523 263 1609 Tempus
294 1523 370 1589 anui
402 1541 466 1609 quo
496 1523 611 1610 ephebi
643 1522 838 1590 lexiarohico
860 1521 942 1588 libro
966 1519 1227 1587 inscribebantur
1251 1539 1270 1586 a

75 1642 246 1710 Schaelero
268 1652 356 1710 recte
376 1643 545 1710 definitum
565 1652 615 1711 est
635 1645 669 1709 iu
687 1663 831 1710 mensem
851 1645 992 1729 primum
1013 1649 1070 1740 aut
1089 1640 1267 1707 secuudum

72 1764 165 1829 attici
189 1763 266 1828 anui
280 1762 321 1849 ⁴),
346 1763 462 1849 quibus
487 1762 565 1848 quid
589 1762 705 1829 addam
731 1782 794 1828 non
818 1761 917 1827 haheo
929 1762 967 1848 ⁵).

118 1881 315 1946 Primarium
343 1880 484 1946 officium
509 1883 610 1968 patris
635 1901 710 1966 erga
734 1880 851 1946 liberos
876 1880 978 1965 igitur
1001 1886 1071 1944 erat
1092 1897 1207 1943 curare
1232 1886 1269 1945 ut

22 2073 26 2081 ,
76 1997 168 2064 libris
188 1997 352 2084 phratriae
371 2006 467 2084 atque
480 1999 566 2066 demi
586 1999 855 2074 inscriberentur;
875 2006 1103 2085 praeterea
1125 2006 1169 2062 ut
1185 1995 1200 2061 Ι
1205 1997 1268 2063 ilii

75 2116 260 2204 aliquam
296 2115 519 2184 discerent
552 2128 708 2198 artem,
739 2138 787 2184 ex
818 2137 897 2204 qua
926 2116 1010 2183 sihi
1042 2125 1265 2202 quaestum

74 2237 225 2304 babere
236 2244 297 2316 ut,
317 2237 402 2323 quod
422 2237 541 2304 diserte
560 2245 699 2304 testatur
712 2233 880 2303 Vitruvius
893 2237 938 2323 Ι);
954 2235 1079 2301 »Alexis
1092 2234 1266 2303 Athenien-

71 2378 122 2453 ses
155 2359 200 2422 ait
233 2355 303 2423 ideo
335 2364 481 2444 oportere
512 2355 657 2436 laudari,
682 2355 766 2444 quod
791 2357 936 2423 omnium
960 2355 1154 2424 Graecorum
1179 2356 1265 2443 leges

71 2484 190 2564 cogunt
218 2484 366 2563 parentes
390 2477 433 2541 ali
455 2497 472 2542 a
498 2476 626 2555 liberis,
651 2476 861 2543 Athenienses
881 2496 948 2542 'non
972 2496 1098 2554 omues,
1124 2476 1186 2541 nisi
1211 2497 1265 2542 eus

71 2599 126 2685 qui
149 2596 267 2664 liberos
291 2595 417 2663 artibus
438 2594 655 2662 erudissent.’'
703 2597 806 2662 Huius
826 2596 905 2683 legis
928 2596 1075 2662 Solonem
1096 2605 1262 2661 auctorem

71 2717 171 2785 luisse
202 2714 302 2782 tradit
333 2705 525 2782 Plutarchus
537 2715 576 2803 ⁷).
626 2715 731 2782 Aliam
760 2715 876 2802 legem,
901 2736 997 2803 quam
1024 2714 1185 2802 Petitus⁸)
1210 2734 1263 2784 re·

73 2885 299 2911 .,,.-....-

107 3001 138 3070 1)
156 2997 187 3052 el.
210 3017 233 3067 p.
246 3000 313 3063 118,
334 3015 359 3049 n.
380 2999 405 3050 e.

62 3157 65 3162 Ι
107 3090 137 3158 2)
156 3085 322 3140 Philochorus
341 3084 369 3138 in
389 3084 468 3140 schol.
487 3085 519 3140 ad
541 3089 611 3140 ilem.
632 3086 664 3140 de
684 3089 711 3140 F.
735 3090 761 3139 h.
783 3104 805 3157 p.
818 3085 884 3151 438,
904 3085 917 3152 h
938 3085 1000 3136 303.

105 3178 135 3246 3)
154 3174 187 3230 cl.
208 3173 299 3242 Cobet,
319 3177 412 3227 hinem.
435 3177 468 3241 V,
488 3175 556 3243 271,
576 3177 625 3243 IX,
646 3176 709 3228 125.

102 3265 133 3334 4)
152 3263 170 3316 Ι.
191 3263 208 3316 Ι.
230 3267 281 3331 ΙΙΙ,
302 3267 334 3331 2,
353 3265 405 3329 29,
423 3261 456 3315 cl.
476 3260 566 3316 Jahrb.
588 3260 605 3315 f.
629 3262 691 3336 phil.
714 3261 767 3316 und
789 3259 892 3335 paedag.
912 3262 940 3312 Τ.
962 3263 1013 3326 ut,
1034 3261 1121 3325 1860,
1142 3262 1240 3333 p.164.

102 3354 184 3422 5)1n
212 3360 268 3405 tota
299 3353 345 3405 hac
373 3349 553 3423 disquisitione
579 3351 611 3404 de
638 3351 768 3406 industria
787 3349 862 3405 omisi
883 3349 954 3403 Dion.
976 3348 1056 3404 Halia.
1076 3347 1260 3402 testimonium

65 3439 147 3510 (arch.
169 3458 233 3493 rom.
254 3443 293 3504 ΙΙ,
314 3440 377 3508 26),
396 3439 443 3513 qui
463 3439 573 3493 miratus
589 3439 680 3513 legum
699 3441 840 3495 atticarum
859 3437 997 3491 lenitatem
1019 3456 1077 3508 prae
1092 3453 1260 3490 romanarum

64 3527 203 3602 asperitate
228 3526 296 3600 quod
317 3527 350 3581 ad
377 3527 487 3600 patriam
515 3537 669 3599 potestatem
696 3528 793 3582 attinet
820 3526 882 3580 hacc
903 3525 1005 3578 adiicit:
1038 3525 1064 3571 οἱ
1081 3522 1131 3584 μὲν
1146 3525 1198 3592 γὰρ
1212 3521 1261 3576 τὰς

66 3615 209 3681 ἔλληνοκὰς
227 3615 463 3680 καταστησόμενοι
483 3614 626 3672 πολιτείας
644 3615 756 3682 βραχύν
773 3630 837 3661 τινα
854 3613 955 3675 κομιδῇ
974 3611 1071 3677 χρόνον
1089 3611 1190 3669 ἔταξαν
1209 3616 1260 3685 ἄρ.

63 3701 170 3765 prodeo
195 3697 260 3754 τοὺς
283 3697 390 3754 παῖδας
409 3696 463 3746 ὑπὸ
491 3696 545 3744 τῶν
562 3696 702 3764 musique,
723 3695 748 3743 οἱ
766 3687 876 3755 μὲνὲως
893 3692 926 3741 ἂν
946 3693 1041 3760 splene
1058 3693 1259 3762 Ικπληρήοωσοο

63 3781 110 3840 ἀφ’
136 3781 209 3845 ἥβης
227 3777 287 3836 ξ’τος
304 3801 337 3816 -’
355 3779 434 3837 dcte
453 3781 503 3843 τῆς
519 3778 644 3836 Σόλωνος
664 3776 831 3839 νομοθεσίας
851 3773 967 3835 ἔμαθον.
1011 3776 1064 3827 Non
1085 3777 1177 3831 multis
1196 3799 1259 3853 opus

63 3886 117 3923 esse
135 3867 225 3940 opinor
239 3876 270 3920 nt
287 3865 404 3920 esiacum
419 3873 466 3919 aut
480 3864 565 3936 ipsum
586 3858 738 3939 Dionysium
758 3872 806 3918 aut
824 3862 964 3915 librarium
978 3880 1073 3916 errasse
1092 3865 1258 3932 epicoenum

62 3955 189 4012 scriberet
216 3974 261 4028 pro
282 3953 424 4023 δεύτερον.
463 3958 573 4007 Possunt
592 3954 730 4026 excogitari
748 3970 838 4006 causae
855 3971 921 4025 quae
942 3951 1012 4004 hunc
1028 3970 1140 4006 errorem
1156 3956 1259 4029 pe'pcm.

61 4046 133 4114 rint,
147 4044 191 4099 sed
208 4043 269 4099 satis
285 4043 351 4098 duco
365 4064 406 4098 eas
425 4042 560 4108 omittere3
577 4041 616 4095 vel
633 4059 662 4094 ex
682 4042 737 4114 ipsa
754 4041 885 4095 locutione
903 4039 950 4090 ἐπὶ
961 4038 1051 4099 decede
1062 4041 1257 4120 ἤβῆοαι,()ῃορ

62 4133 204 4189 sexcenties
221 4133 346 4198 recurrit,
368 4130 468 4205 liquido
483 4139 585 4184 constat
604 4148 717 4185 errorem
732 4129 900 4186 commissum
921 4149 979 4185 esse.

104 4227 134 4295 6)
153 4222 232 4297 proci.
253 4221 298 4276 lib.
320 4225 362 4274 Vl.

104 4314 134 4383 a)
152 4311 243 4379 mian,
265 4329 287 4366 c.
307 4312 352 4364 aa.
381 4333 383 4336 >

105 4405 134 4471 8)
155 4402 221 4475 legg.
241 4410 289 4456 att.
311 4420 334 4472 p.
355 4401 417 4452 239.
