2842 5018
681 291 699 353 ὅ
773 251 776 255 ,

94 457 341 557 deprehenderit
361 474 445 559 apud
466 483 600 540 matrem
622 483 679 540 aut
698 473 783 561 apud
798 473 895 539 liliam
917 481 989 539 aut
1008 471 1115 560 apud
1137 491 1283 538 concu-

94 591 253 669 binam,
279 613 398 678 quarn
427 596 710 680 ingenuorum
732 593 967 660 liberorum
989 589 1283 680 suscipiendo·

94 731 182 777 rum
219 732 347 779 causa
371 714 541 792 babeat,
567 719 593 781 is
615 715 702 782 hunc
728 714 861 802 impunc
881 713 1052 780 occidito.'’
1099 712 1187 779 Idem
1216 711 1283 778 lere

93 832 206 919 Lysias
241 833 333 900 docet
348 833 372 922 ¹)
414 834 524 902 dicens
555 838 720 922 Areopago
750 834 870 901 diserte
912 833 1146 921 praescriptum
1180 829 1283 898 luisse

94 971 133 1018 ne
163 951 270 1018 caedis
301 954 515 1022 condemnent
546 975 620 1022 eum
655 955 836 1033 bominem,
867 955 923 1039 qui
957 952 1141 1019 adulterum
1171 950 1282 1038 deprc-

93 1070 237 1139 hendens
272 1093 368 1160 prope
404 1094 497 1140 suam
529 1075 632 1162 ipsius
665 1093 796 1141 uxorem
835 1073 921 1141 bunc
953 1071 1125 1148 occiderit;
1161 1078 1283 1157 »atquc

92 1191 171 1258 adeo
202 1191 364 1278 legislator
394 1195 594 1260 existimavit
621 1194 699 1260 baec
723 1195 810 1261 iusta
832 1213 903 1260 esse
926 1202 958 1259 et
982 1212 1084 1280 acqua
1107 1192 1147 1259 de
1171 1192 1281 1258 uxori·

91 1311 153 1378 bus
182 1312 355 1398 legitimis,
387 1323 431 1400 ut
462 1315 588 1380 ctiam
625 1312 671 1380 de
694 1313 952 1381 concubinis
976 1315 1137 1380 minore
1162 1320 1282 1378 certe

90 1432 233 1518 pretio
266 1432 411 1518 dignis
445 1432 585 1500 eadem
614 1434 837 1500 statuerit.
885 1433 927 1498 lt
960 1434 1046 1498 enim
1071 1431 1280 1499 manifestum

91 1558 156 1630 est,
188 1529 287 1638 quod,
311 1554 338 1618 si
363 1553 445 1620 ullas
468 1573 586 1640 poenas
610 1554 775 1640 graviores
799 1551 979 1631 habuisset,
998 1572 1053 1618 eas
1075 1552 1188 1638 utique
1212 1560 1280 1618 sta·

90 1672 207 1739 tuisset
238 1673 277 1739 dc
308 1673 435 1740 violatis
463 1672 628 1740 uxoribus:
653 1675 717 1740 iam
743 1681 869 1751 autem,
894 1693 969 1739 oum
993 1672 1033 1739 dc
1056 1671 1108 1740 bis
1134 1692 1196 1738 non
1221 1693 1280 1758 po-

88 1793 191 1858 tuerit
223 1795 387 1877 graviores
417 1796 599 1880 excogitare
629 1793 758 1860 easdem
789 1813 845 1881 pro
882 1792 1035 1859 uxoribus
1065 1800 1099 1860 ct
1119 1810 1180 1881 pro
1201 1811 1279 1859 con·

90 1912 219 1978 oubinis
243 1913 382 1996 irrogari
405 1913 561 1998 placuit.’'

136 2030 246 2116 Neque
269 2031 482 2098 omittendum
507 2040 557 2098 cst
581 2031 661 2099 lsaei
679 2032 901 2099 testimonium
922 2034 955 2098 in
976 2034 1121 2100 oratione
1141 2031 1181 2100 de
1200 2032 1278 2121 Pyr·

89 2151 142 2216 rbi
173 2149 373 2218 hereditate.»
413 2152 491 2218 Tota
522 2161 630 2219 autem
658 2153 713 2219 illa
736 2154 838 2220 oratio
859 2162 1008 2221 versatur
1028 2154 1062 2219 in
1086 2163 1279 2240 argumento

89 2271 129 2337 de
158 2271 392 2351 concubinatu,
426 2293 521 2359 quem
550 2273 731 2341 certissime
755 2273 932 2361 legitimam
957 2273 1120 2360 quandam
1144 2274 1279 2341 coniun-

88 2392 227 2458 ctionem
260 2390 360 2459 lnisse
390 2391 450 2458 lioc
481 2393 622 2481 denique
650 2394 865 2474 demonstrat,
896 2393 982 2482 quod
1004 2394 1144 2462 feminae
1167 2414 1187 2461 a
1209 2396 1278 2461 suis

87 2515 137 2581 vel
171 2512 360 2579 locabantur
391 2515 425 2579 in
449 2515 716 2595 concubinatum,
741 2524 774 2582 ct
797 2517 836 2593 ii,
860 2517 917 2602 qui
940 2515 1094 2582 mulieres
1111 2514 1278 2581 elocabant

87 2643 125 2700 ut
159 2633 373 2712 concubinas,
404 2653 515 2701 omnes
550 2637 658 2702 caveri
688 2635 749 2701 sibi
781 2634 938 2701 curabant
968 2634 1007 2701 de
1030 2633 1275 2710 emolumentis,

87 2774 225 2842 quorum
250 2755 394 2821 lructum
417 2774 546 2843 sperare
569 2755 700 2822 deberet
722 2756 880 2823 eiusmodi
905 2755 1085 2822 concubina
1096 2753 1135 2842 ²).

132 2876 270 2942 interest
309 2882 416 2942 tamen
452 2863 543 2942 'inter
581 2879 767 2956 consocio,
799 2876 1033 2951 concubinam,
1065 2879 1098 2941 et
1130 2877 1274 2957 iculum

87 2998 148 3064 bac
178 2997 266 3062 enim
294 2995 469 3080 voluptatis
498 3014 596 3062 causa
626 2998 769 3074 utimur,
793 2995 848 3061 illa
869 3003 926 3071 τῆς
953 2995 1027 3061 καθ’
1046 2992 1165 3076 ἡμέραν
1190 2999 1276 3079 θερα-

86 3118 177 3189 πείας
200 3119 417 3194 τοῦσώματος
438 3113 542 3182 ἕνεκα.
589 3115 632 3182 Et
654 3116 790 3182 minime
813 3123 908 3202 turpe
931 3112 1102 3181 videbatur
1125 3115 1174 3180 uti
1197 3133 1275 3182 con·

85 3238 216 3311 cubiria;
240 3233 325 3323 apud
349 3233 578 3321 Antiphontem
592 3235 617 3323 8)
643 3255 672 3305 e.
697 3256 728 3322 g.
754 3243 861 3302 orator
885 3233 925 3302 de
945 3234 1097 3301 Philoneo
1120 3234 1275 3322 quodam,

85 3358 168 3425 nibil
196 3355 304 3444 probri
338 3355 367 3420 ci
402 3356 450 3421 rei
482 3357 586 3423 inesse
610 3357 817 3433 existimans,
835 3348 921 3422 ¹baec
945 3363 1073 3422 narrat:
1099 3358 1274 3444 »superio-

83 3498 154 3546 rem
179 3476 294 3543 domus
317 3484 446 3542 nostrae
468 3483 594 3562 partem
617 3475 807 3555 Philonem,
822 3477 950 3563 quoties
973 3476 1006 3542 in
1031 3474 1112 3543 urbe
1123 3475 1273 3562 degeret,

83 3597 230 3664 babitare
259 3595 396 3674 solebat,
420 3596 485 3661 vir
508 3596 718 3664 honestus
741 3604 779 3664 ct
802 3594 934 3683 frugi,
958 3614 1037 3682 quo
1060 3603 1184 3682 patcr
1208 3617 1274 3664 no·

84 3726 173 3786 ster
203 3715 551 3782 familiarissime
578 3714 795 3790 utebatum
819 3723 948 3802 atquc
971 3714 1040 3781 illi
1062 3723 1159 3782 erat
1182 3737 1273 3783 con-

85 3835 273 3903 cubica.'’

128 3955 242 4042 ltaque
261 3962 426 4022 oratorum
448 3962 593 4040 tempore
612 3955 737 4024 exstitit
758 3954 837 4024 baec
854 3953 999 4042 legitima
1016 3953 1272 4024 concubinarum

82 4148 297 4167 m

121 4277 151 4344 1)
170 4272 203 4328 dc
220 4271 296 4327 caede
314 4269 443 4325 Eratostb.
465 4289 487 4343 p.
499 4275 551 4339 al,
571 4273 585 4342 b
606 4278 650 4327 31.

122 4366 152 4432 2)
173 4367 206 4417 ls.
224 4360 257 4416 rlc
277 4359 367 4435 l‘yrrbi
387 4359 443 4414 ber.
462 4379 488 4432 p.
500 4362 584 4430 ΜΛ
625 4362 650 4415 9.

121 4455 151 4522 3)
170 4470 221 4506 acc.
242 4449 324 4506 venel.
344 4453 448 4524 p.113,
469 4449 484 4517 b
505 4452 551 4503 ll.
