2842 5018
628 278 690 339 157

59 457 158 524 dunt:
193 460 294 544 patri,
327 458 426 525 donec
459 458 545 524 filius
576 467 740 545 superstes
771 466 858 534 erat,
892 475 955 522 non
978 455 1094 522 licebat
1117 474 1175 522 sua
1199 451 1255 520 alii

56 578 254 664 relinquere,
280 597 384 664 neque
408 578 486 656 tilio,
511 578 616 665 quoad
640 579 691 644 sui
716 578 798 644 iuris
821 596 885 642 non
909 585 997 652 erat,
1021 581 1253 641 testamentum

56 696 179 771 lacere;
212 696 267 763 sed
301 697 448 762 miranda
477 706 560 763 esset
590 698 670 763 lsaei
706 696 915 782 negligentia,
948 695 1004 780 qui
1032 700 1163 778 urgeret
1186 691 1252 757 iam

57 818 231 882 recitatum
252 836 321 882 esse
342 818 562 882 testimonium
576 836 640 901 quc
652 815 881 882 ostendebatur
893 815 916 879 A
928 811 1121 878 risiareh
1133 831 1194 877 um
1210 809 1250 900 (Ι)

57 944 155 1002 ante
186 935 480 1002 llemceharem
513 944 725 1001 mortuum
759 954 850 1000 esse
881 943 923 999 et
950 931 1252 998 llemoebarem

58 1064 151 1141 post
175 1056 471 1122 Aristarchum
500 1056 555 1142 (1),
578 1056 638 1118 nisi
659 1062 753 1120 antea
773 1052 866 1137 longe
887 1051 949 1117 alla
968 1051 1118 1125 dixissem
1139 1050 1254 1115 Demo·

57 1172 171 1241 chares
189 1175 257 1240 scil.
279 1182 376 1240 ante
397 1173 661 1260 pubertatem
682 1181 830 1238 mortuus
850 1178 909 1237 est.
957 1171 996 1236 Ut
1016 1170 1105 1235 loeus
1119 1188 1152 1234 se
1166 1187 1254 1233 nuno

58 1293 170 1370 babet,
204 1314 264 1359 non
298 1302 401 1380 potest
433 1295 509 1379 quin
544 1302 669 1378 turpem
702 1301 734 1358 et
763 1310 859 1377 prope
880 1290 997 1356 anilem
1022 1290 1249 1376 loquacitatem

59 1410 263 1478 fastidiamus
290 1414 427 1481 oratoris
455 1414 510 1498 qui
540 1412 636 1476 verba
669 1410 760 1477 nobis
791 1409 950 1486 ellundat,
975 1411 1152 1475 maximum
1178 1426 1252 1473 vero

57 1545 286 1616 argumentum
318 1532 472 1618 negligat.
520 1532 585 1597 lloe
618 1531 826 1596 acutissimus
855 1530 977 1596 llobree
1001 1531 1101 1595 sensit
1123 1537 1156 1595 et
1181 1535 1251 1614 post

56 1651 207 1717 vocabula
230 1651 350 1734 ὕστερον
371 1653 403 1717 δὲ
423 1657 475 1717 τοῦ
495 1650 611 1733 πατρός
635 1649 758 1715 addidit
780 1649 824 1716 ἔτι
844 1651 933 1716 nucib⁹
946 1649 1033 1727 tnnc,
1047 1670 1129 1735 quae
1141 1648 1252 1716 abesse

56 1791 119 1836 non
142 1783 274 1857 possunt
298 1782 331 1838 et
354 1772 462 1838 addita
487 1774 575 1838 lsaeo
599 1773 741 1854 vigorem
766 1790 863 1835 suum
887 1769 1037 1859 reddunt.

103 1891 223 1953 Locum
255 1896 362 1952 autom
392 1892 437 1952 ita
460 1888 666 1954 circundatum
691 1888 899 1972 inspicientes
921 1887 1068 1952 videmus
1091 1874 1257 1952 oratorem¹

60 2027 149 2072 more
181 2026 238 2071 suo
262 2025 338 2071 snae
359 2008 549 2071 servientem
573 2023 689 2070 causae
713 2023 810 2069 unam
834 2012 963 2070 tantum
987 2005 1090 2090 legem
1114 2004 1153 2071 de
1177 2004 1253 2072 ado·

57 2127 165 2210 pticne
186 2124 331 2198 laudare;
352 2143 450 2210 supra
464 2125 489 2206 ¹)
512 2126 576 2189 iam
597 2123 885 2189 animadvertimus
904 2143 977 2190 eum
999 2123 1140 2190 hocloco
1153 2124 1248 2190 aliam

55 2246 222 2320 omittere,
254 2263 318 2329 qua
351 2252 459 2308 tamen
490 2243 524 2308 in
549 2242 757 2327 sequentibus
782 2249 902 2308 utatur.
952 2241 1034 2322 Quid
1058 2261 1252 2329 magnopere

57 2365 215 2429 miramur
249 2382 322 2428 eum
355 2362 387 2428 b.
413 2362 434 2427 l.
470 2361 508 2428 de
540 2361 700 2428 industria
731 2362 908 2448 neglexisse
932 2382 1003 2428 eam
1027 2362 1130 2448 legem
1152 2381 1251 2447 quam

55 2503 95 2550 ex
118 2491 200 2548 orat.
226 2502 254 2546 e.
280 2481 479 2567 Stephanum
493 2482 520 2570 ²)
543 2483 710 2548 novimus?
736 2502 811 2547 uam
836 2482 922 2548 ultro
945 2481 1129 2547 adversario
1153 2500 1250 2567 argu·

56 2609 201 2668 mentum
235 2601 349 2669 offerre
381 2602 499 2680 noluit,
523 2622 587 2688 quo
611 2602 664 2669 bic
688 2577 924 2669 demonstraret
948 2622 982 2668 se
1005 2601 1187 2668 rectissime
1210 2599 1250 2666 ab

55 2721 243 2788 Aristarcho
265 2721 281 2787 I
305 2720 491 2807 adoptatum
515 2741 602 2798 esse,
623 2742 698 2788 cum
719 2721 932 2788 Demochares
952 2729 1026 2788 ante
1046 2720 1249 2806 pubertatem

55 2840 188 2918 obierit,
212 2841 299 2906 illius
323 2842 425 2926 igitur
448 2849 678 2909 testamentum
704 2851 810 2908 ratum
834 2841 955 2909 lactum
981 2843 1034 2907 sit.

102 2962 199 3048 Spero
224 2959 290 3027 lore
314 2968 351 3025 ut
375 2980 468 3026 nemo
489 2961 575 3026 bunc
597 2961 678 3026 lsaei
701 2961 808 3027 locum
826 2962 908 3025 tanti
929 2959 1044 3037 faciat,
1067 2969 1102 3027 ut
1121 2968 1251 3026 censsat

56 3081 139 3147 iuris
170 3081 261 3146 attici
291 3080 479 3148 institutum
512 3080 551 3147 de
576 3079 805 3146 substitutione
830 3099 910 3164 quae
934 3077 1055 3145 dicitur
1078 3087 1250 3145 testamen·

55 3201 140 3266 laria
164 3221 200 3265 eo
225 3201 335 3266 everti.

99 3320 273 3387 Mortem
297 3340 402 3407 quae
424 3320 591 3387 dieitur
615 3320 791 3386 civilem
815 3338 946 3386 causam
972 3320 1169 3386 matrimonii
1190 3319 1250 3387 sol·

55 3715 106 3769 riri
130 3713 274 3769 doctissimi
304 3715 333 3766 l).
363 3715 461 3784 burger
479 3709 506 3763 in
521 3726 628 3765 censura
648 3727 720 3764 mene
738 3707 963 3763 commentationis
981 3707 1014 3762 de
1031 3707 1098 3782 legg.
1117 3717 1167 3763 att.
1183 3728 1251 3782 qnae

55 3804 189 3879 pertinent
218 3802 251 3856 ad
277 3809 416 3874 parentum
445 3798 641 3872 liberorumque
666 3798 724 3851 inre
744 3796 872 3870 (tijdscbr.
892 3815 915 3849 r.
935 3795 960 3849 d.
975 3794 1033 3850 ned.
1053 3815 1143 3870 gymn.
1164 3800 1250 3859 186l.

55 3913 80 3966 p.
92 3896 147 3946 135
166 3894 216 3965 sq.)
242 3889 312 3944 inter
338 3888 443 3938 ἐκεῖνον
461 3886 489 3936 δ’
509 3894 535 3939 et
554 3885 670 3952 ὕστερον
688 3884 806 3938 addentis
826 3883 909 3950 dtiyp
928 3893 976 3938 eut
994 3881 1047 3937 tale
1065 3883 1143 3958 quid,
1161 3893 1251 3943 tamen

54 4001 108 4037 non
129 3999 231 4055 possum
246 3980 311 4054 quin
330 3978 386 4032 eius
402 3994 511 4032 acumen
532 3973 645 4028 leudem.
682 3977 761 4027 Grato
777 3972 864 4027 animo
881 3973 923 4026 hic
935 3972 991 4026 illie
1012 3990 1073 4026 usus
1092 3972 1141 4026 viri
1157 3973 1250 4028 doctis·

54 4071 116 4124 simi
135 4065 358 4124 observationibus
377 4065 403 4119 b.
422 4064 441 4119 l.
471 4061 605 4117 censebam
630 4060 695 4114 lsaei
710 4061 859 4134 argumenti
880 4060 932 4114 rim
951 4061 980 4114 iu
999 4079 1028 4114 eo
1046 4060 1102 4134 ipso
1114 4079 1166 4117 esse
1185 4065 1252 4136 poci·

54 4167 117 4214 tum
140 4157 210 4233 qnod
229 4154 397 4212 Demochares
417 4150 460 4202 ἔτι
477 4157 544 4207 παῖς
560 4147 597 4199 ὤν
616 4159 736 4203 mortuus
756 4157 836 4217 esset,
853 4149 921 4223 qucd
939 4158 1072 4222 propterea
1091 4150 1179 4205 omitti
1199 4171 1250 4208 non

57 4256 151 4321 potest
189 4248 244 4300 Non
263 4254 352 4299 tamen
370 4242 489 4297 adversor
505 4247 636 4315 praeterea
657 4237 738 4306 ὀλίγῳ
757 4246 804 4293 nut
822 4237 875 4292 telo
893 4238 955 4311 quid
975 4238 1090 4293 excidere
1109 4241 1229 4314 potuisse.

94 4339 125 4407 1)
146 4355 170 4408 p.
183 4339 234 4403 87,
254 4353 280 4387 n.
301 4339 327 4387 1.

96 4427 128 4498 2)
147 4423 307 4496 [Demosth]
327 4425 366 4491 ll,
386 4421 508 4496 putat,
529 4419 543 4486 p
565 4418 607 4468 24.

965 4531 969 4536 -
1054 4507 1090 4555 18
