2842 5018
641 300 684 361 dd

62 489 173 550 essent
196 501 255 548 nee
280 484 473 568 sategissent
496 481 625 548 dicere:
649 485 684 547 ta
707 481 870 547 πολιτίδων
895 479 1044 560 ὑμετέρων
1067 477 1254 557 pertram,

63 611 99 670 ut
131 620 218 668 nnnc
251 611 315 677 θεὶς
346 612 378 668 et
409 601 634 688 Aristophanis
656 601 755 667 verha
777 601 831 666 νννὶ
855 603 1024 674 narraris
1047 600 1135 672 εὐθὺς
1158 595 1254 678 εἶναι,

62 741 145 809 qnae
169 723 284 808 viginti
308 721 376 788 lere
399 723 493 787 annis
511 729 583 808 post
603 721 749 787 Plataeas
769 740 786 786 a
806 719 1068 786 Lacedaemoniis
1082 717 1257 784 subversas

62 842 150 910 dieta
173 849 268 919 aunt,
292 840 465 907 ostendunt
491 859 603 907 revera
623 839 745 927 aliquid
765 838 950 906 interfuisse
971 840 1056 903 inter
1078 837 1255 904 Athenien·

63 981 114 1029 ses
146 969 177 1028 et
205 961 418 1030 Plataeenses,
467 960 506 1028 lli
528 968 653 1039 autem,
676 961 732 1046 qui
756 960 892 1026 Athenis
910 960 984 1024 nati
1008 966 1102 1024 erant
1123 976 1163 1023 en
1184 958 1256 1025 nire

64 1081 243 1149 atheniensi
266 1090 299 1148 et
323 1081 480 1169 platalea,
505 1081 539 1145 hi
563 1079 774 1146 Athenienses
796 1088 890 1146 erant
913 1088 945 1145 et
970 1087 1078 1164 postea
1102 1087 1256 1164 perpetuo

63 1202 198 1269 Athenis
227 1210 433 1277 manserunt;
465 1202 525 1286 ‘qui
555 1218 630 1267 vero
654 1200 787 1266 excire
811 1200 986 1286 plataeensi
1010 1208 1042 1265 et
1064 1199 1163 1264 attica
1187 1197 1256 1264 nati

63 1331 176 1402 erant,
210 1323 244 1388 hi
273 1343 308 1390 se
339 1320 541 1387 Plataeenses
569 1320 725 1407 putabant
749 1329 781 1386 et
804 1322 909 1406 patria
932 1320 1086 1386 restituta
1110 1318 1255 1386 Plataeas

64 1451 285 1521 reverterunt,
322 1448 430 1528 utpote
461 1448 592 1526 patrum
625 1457 758 1504 snorum
788 1440 965 1505 civitatem.
1012 1439 1088 1505 Post
1114 1437 1256 1505 reditum

64 1563 117 1627 rix
149 1561 304 1629 tredecim
338 1562 414 1626 anni
450 1561 665 1647 praeteriere,
698 1577 773 1625 curn
798 1558 939 1627 Thebani
962 1558 1108 1626 Plataeas
1131 1559 1259 1624 invase-

64 1689 143 1748 runt
171 1691 203 1749 et
235 1684 321 1748 eires
351 1689 529 1767 coegerunt
557 1681 678 1745 iterum
710 1677 752 1743 ad
781 1678 992 1745 Athenienses
1014 1678 1202 1764 ooniugarm
1225 1676 1259 1742 hi

65 1803 176 1868 miseri
199 1809 306 1867 autem
332 1802 535 1877 rectissime,
565 1819 629 1884 quo
649 1799 716 1862 vim
742 1817 818 1863 suae
842 1798 989 1883 petitioni
1013 1797 1185 1874 adderent,
1208 1796 1259 1862 di·

66 1940 141 1986 cere
162 1926 354 2004 potuerunt:
380 1922 414 1984 ἐκ
437 1920 599 1984 πολιτίδων
623 1917 773 1996 ὑμετέρων
795 1916 988 1994 γεγόναμεν.
1036 1916 1127 1996 Quod
1149 1923 1259 1983 autam

67 2037 226 2102 Isocrates
256 2035 380 2102 addidit
410 2036 463 2103 dade
492 2037 552 2109 τὰς
584 2034 760 2114 ἐπιγαμίας
790 2035 850 2107 raia
882 2036 1036 2115 δοθείσαις,
1067 2035 1127 2102 hac
1157 2037 1193 2102 in
1223 2052 1260 2103 re

65 2158 248 2223 certissime
281 2155 359 2222 illud
392 2155 582 2222 heneficium
612 2155 767 2240 respexit,
791 2174 856 2240 quo
880 2163 987 2241 patres
1010 2155 1044 2222 in
1069 2155 1181 2224 arbem
1205 2175 1258 2223 re·

66 2277 153 2363 nepti
182 2285 214 2343 et
237 2277 368 2342 ciuitate
392 2275 500 2342 don'ati
524 2284 634 2351 erant;
664 2295 739 2340 nam
763 2275 1042 2361 proficiscentibus
1063 2275 1259 2343 Plataeensi·

65 2397 125 2464 hus
149 2396 347 2463 connubium
371 2397 483 2463 datum
509 2395 609 2464 luisse
634 2396 791 2481 singulari
815 2396 924 2483 populi
946 2396 1076 2464 decreto
1096 2415 1257 2483 nusquam

66 2525 229 2585 testantur
254 2516 345 2582 nohis
368 2525 510 2593 veterem
535 2519 584 2582 sin
605 2537 680 2587 vero
701 2492 774 2604 quis
796 2516 961 2604 perhibeat
982 2515 1041 2583 hoo
1064 2523 1171 2581 tamen
1190 2515 1260 2582 lieri

66 2638 209 2724 potuisse
238 2644 272 2702 et
304 2637 362 2702 hoe
393 2637 559 2704 decretum
592 2657 679 2704 nunc
711 2659 729 2704 a
761 2636 1002 2704 Plataeensihus
1036 2636 1161 2721 putari,
1181 2633 1259 2702 huin

68 2757 148 2824 mihi
171 2756 335 2824 adversari
356 2757 467 2834 liceat,
491 2776 565 2822 oum
586 2759 681 2835 aeni,
703 2758 761 2844 qui
782 2758 868 2823 inter
887 2755 1074 2823 Antalcidae
1094 2773 1204 2841 paoem
1225 2763 1259 2820 et

67 2877 291 2944 Thebanorum
315 2877 586 2962 oppugnationem
612 2879 807 2963 praeteriere
825 2877 992 2964 pauciores
1012 2874 1147 2951 luerim,
1160 2890 1259 2959 quam

69 3005 120 3075 ut,
152 2998 179 3063 si
210 3005 290 3064 tunc
322 3017 358 3063 re
389 3016 465 3062 sera
491 2998 689 3063 connubium
712 2997 824 3062 datum
847 2995 975 3072 luisset,
999 2994 1064 3059 dici
1087 2993 1259 3079 potuisset:

68 3113 1260 3203 restriscivibusortisumuspropterconnubiumoon·

68 3257 243 3305 cessum.
291 3237 448 3304 leocrates
467 3246 577 3304 autem
598 3237 630 3304 h.
643 3235 665 3302 l.
687 3257 749 3302 non
770 3235 884 3302 fefellit
901 3242 1064 3301 oratorum
1083 3253 1189 3312 more,
1203 3231 1259 3303 set

68 3359 102 3423 in
125 3378 164 3424 eo
187 3355 470 3443 reprehendendus
491 3365 560 3436 est,
590 3357 675 3444 quod
699 3358 866 3424 civitatem
889 3356 966 3423 olim
989 3374 1065 3423 eum
1090 3355 1161 3421 iure
1184 3373 1260 3421 con-

69 3477 161 3543 nubii
180 3477 288 3544 datam
309 3476 369 3543 hoe
390 3477 459 3542 loco
479 3485 604 3542 tautum
625 3478 686 3550 ννὶς
706 3476 883 3557 anteactae
901 3477 961 3548 τὰς
980 3475 1116 3545 δοθείσας
1128 3471 1259 3538 dixerit.

112 3597 182 3664 llon
207 3597 311 3663 solum
336 3598 496 3663 universis
519 3598 705 3664 civitatibus
729 3597 925 3663 connubium
951 3594 1022 3660 dari
1046 3591 1179 3668 solebat,
1204 3590 1260 3659 sed

69 3717 168 3783 etiarn
187 3717 342 3803 singolis,
363 3716 403 3782 iis
423 3717 563 3795 seilicet,
584 3719 640 3803 qui
661 3716 770 3804 populi
791 3713 944 3782 beneficio
961 3714 1050 3780 eires
1067 3712 1144 3780 laeti
1157 3719 1260 3779 erant.

68 3836 118 3903 lla
139 3837 318 3924 Iphicrates
341 3836 440 3903 liliam
459 3838 548 3922 regis
574 3837 683 3924 Cotyis
705 3836 798 3903 duxit
822 3854 955 3901 uxorem
969 3832 1016 3920 ¹),
1039 3850 1136 3917 qrrem
1161 3829 1259 3898 Athe·

69 3957 198 4024 nienses
228 3957 361 4022 civitate
383 3955 637 4043 donaverant2),
661 3975 725 4042 quo
748 3954 818 4020 fieri
844 3959 985 4040 poterat,
1008 3958 1044 4017 ut
1067 3950 1137 4016 eius
1161 3948 1260 4028 tiliae,

68 4096 145 4144 cam
168 4078 268 4143 attico
292 4076 356 4141 civi
379 4073 528 4153 nuberet,
552 4076 794 4142 matrimonium
818 4080 925 4140 ratum
948 4080 1045 4138 esset.

77 4256 264 4274 *-

109 4369 140 4436 1)
159 4364 292 4420 Cornelius
311 4365 338 4418 in
360 4365 426 4432 vita,
446 4383 468 4418 c.
486 4371 517 4434 33
539 4363 667 4420 Demosth.
688 4381 709 4418 o.
732 4361 852 4419 Aristoor.
872 4383 896 4436 p.
908 4367 975 4430 663,
996 4364 1011 4430 A
1037 4365 1097 4416 129.

108 4458 140 4526 2)
159 4454 221 4508 reia.
243 4457 353 4528 pecs,
373 4457 388 4524 c
408 4458 472 4510 118.

1081 4555 1097 4602 4
