2842 5018
669 280 730 342 185

114 466 217 534 lerum
253 464 385 530 deinum
418 470 584 550 paternam
616 465 712 540 emit,
747 483 784 530 er
818 482 880 550 qua
911 462 1020 529 diruta
1051 463 1181 529 hortum
1211 463 1298 532 lecit.

159 586 270 654 Plures
302 605 367 652 una
393 586 534 672 petuisse
554 582 733 650 conducere
757 585 985 671 patrimonium
1010 583 1122 672 pupilli
1143 604 1205 650 nen
1228 605 1301 652 con·

112 708 259 796 sequitur
289 726 328 772 cx
356 703 525 772 Androclis
554 712 585 773 et
608 704 754 771 Antidori
778 705 939 792 exemplo,
964 725 1038 771 nam
1063 703 1097 770 hi
1120 712 1221 791 agunt
1244 725 1301 793 pro

112 828 237 896 tuonus
265 825 409 914 pupillis,
440 824 497 891 sed
527 823 608 892 alter
634 824 715 890 lsaei
746 823 835 890 locus
848 824 872 912 ¹)
897 831 1017 902 exstat,
1044 824 1144 903 unde,
1169 825 1197 891 si
1220 846 1300 912 epus

111 958 160 1017 est
190 948 411 1015 demonstrare
441 944 526 1032 qued
556 964 595 1010 ex
626 945 698 1011 iure
728 944 869 1011 naturali
901 943 951 1024 fit,
983 944 1067 1012 idem
1101 944 1300 1013 lucidissime

111 1078 262 1157 apparet:
294 1066 450 1134 Menecles
476 1065 599 1131 scilicet
622 1056 742 1129 dicitur
764 1065 874 1132 ureris
896 1064 1002 1132 dotem
1026 1065 1124 1132 huius
1146 1064 1301 1135 iratribus

110 1188 289 1258 reddidisse
311 1210 351 1256 ex
372 1187 464 1254 honis
486 1186 594 1252 Niciae
618 1185 810 1264 liberorum,
835 1205 926 1252 cnm
946 1187 1171 1275 particeps
1189 1199 1301 1257 esset

51 1385 55 1396 ,
112 1311 260 1377 herum
286 1305 603 1375 conductionis.

157 1430 202 1498 Ile
234 1436 378 1515 tempore
408 1445 472 1512 quo
495 1423 689 1512 pupillorum
714 1426 910 1512 patrimonia
932 1425 1031 1492 locari
1055 1426 1195 1495 solerent
1218 1429 1300 1497 nihil

111 1558 252 1624 constat;
277 1568 379 1636 neque
402 1547 507 1634 potuit
531 1545 563 1610 id
587 1552 707 1612 statute
730 1553 873 1634 tempere
897 1545 983 1625 fieri,
1008 1567 1082 1614 eum
1107 1569 1169 1615 nen
1193 1551 1301 1619 omnia

110 1672 304 1760 patrimonia
327 1667 437 1735 eedem
461 1666 538 1732 anni
560 1675 703 1752 tempere
725 1665 857 1733 locanda
881 1676 987 1735 essent
1000 1669 1040 1756 ²).
1313 1656 1321 1673 '

156 1792 295 1861 Eaedem
336 1788 624 1877 grammaticorum
662 1796 694 1853 et
728 1786 1026 1875 lexicographernm
1061 1788 1299 1870 adnotationes,

114 1933 196 2000 quas
214 1911 384 1978 attulimus
395 1930 470 1976 cum
483 1907 656 1995 agebamus
668 1907 707 1974 de
719 1910 853 1995 pignere
865 1907 969 1975 dando
980 1929 1038 1996 pro
1053 1912 1160 1977 uxoris
1171 1910 1244 1979 dete
1257 1913 1300 2002 3),

114 2033 230 2100 decent
252 2031 289 2098 ei
316 2031 386 2118 qui
408 2028 567 2118 pupilli
590 2029 901 2116 patrimonium
925 2030 1204 2099 conduxisset
1227 2054 1300 2121 pre

116 2154 188 2220 hoc
217 2153 364 2242 pignus
393 2150 574 2217 dandum
606 2148 757 2216 luisse.
813 2151 918 2218 Unum
948 2151 1135 2219 huiusmodi
1166 2154 1299 2223 titulum

112 2275 321 2364 superstitem
352 2269 466 2340 afferre
494 2269 597 2338 lebet:
622 2278 670 2336 est
692 2271 806 2357 cippus
830 2271 864 2336 in
886 2290 999 2359 campo
1024 2272 1223 2342 marathonia
1246 2295 1299 2343 rc·

112 2395 279 2485 pertus⁴):
314 2461 317 2465 ,

150 2687 180 2755 1)
199 2689 231 2739 is.
251 2682 283 2738 dc
301 2681 405 2737 ldenecl.
424 2681 478 2737 her.
499 2684 514 2752 p
534 2683 560 2736 9.

149 2777 180 2846 2)
199 2777 336 2845 Quantum
364 2783 456 2826 nceeet
480 2770 662 2846 imprudenter
689 2771 711 2824 si
736 2770 795 2844 quis
812 2769 844 2824 iis
868 2788 935 2845 quae
953 2769 986 2825 ab
1005 2771 1087 2826 altere
1105 2783 1174 2828 reete
1191 2773 1298 2830 invente

112 2873 189 2939 putet
218 2861 365 2917 subscribet
391 2871 497 2936 apparet
525 2861 639 2916 Platneri
665 2861 781 2934 exemplo
800 2861 846 2935 qui
866 2860 924 2931 (der
942 2880 1008 2934 proc.
1027 2866 1068 2930 ll,
1087 2866 1155 2934 283)
1175 2863 1236 2918 hacc
1254 2865 1299 2921 de·

113 2962 167 3007 cet:
188 2951 253 3006 »die
271 2951 450 3026 vespachtung
468 2950 514 3005 der
532 2950 731 3023 miindelgiiter‚
760 2949 857 3003 welche
875 2969 909 3004 zu
926 2949 1022 3025 enfang
1036 2952 1080 3006 des
1094 2953 1170 3025 jahrs
1188 2955 1298 3026 geschah

112 3043 202 3113 (Petit.
233 3045 313 3112 593),
341 3039 441 3095 scheint
467 3040 604 3114 gesetzliclr
622 3039 778 3113 engecrdnet
797 3056 910 3110 genesen
927 3059 959 3093 zu
977 3042 1066 3115 seyn.”
1105 3045 1140 3095 lle
1155 3043 1299 3116 posteriori·

113 3133 162 3188 bns
180 3133 232 3187 iam
251 3151 329 3205 supra
347 3130 415 3199 dixi3
442 3131 510 3206 qnod
530 3132 562 3186 ed
583 3130 666 3203 priora
684 3129 795 3194 attinet,
816 3128 910 3183 vellem
930 3131 970 3184 vir
987 3128 1150 3186 doctissimus
1169 3132 1299 3189 citavisset

111 3223 236 3278 idoneum
259 3231 360 3275 testem.
399 3220 499 3275 Petitns
527 3230 616 3274 eutem
642 3219 714 3273 aliud
743 3236 819 3292 agens
848 3216 916 3272 illud
944 3227 1048 3293 tempus
1067 3219 1197 3276 indicarit.
1235 3226 1299 3279 Ecce

112 3312 190 3368 huius
217 3311 299 3384 ipsius
327 3309 415 3363 rerba:
437 3309 518 3365 elisee
537 3308 629 3364 locatio
647 3307 730 3362 fiebat
749 3326 813 3362 novo
832 3307 941 3363 incunte
959 3328 1037 3376 enne,
1057 3328 1145 3365 mense
1164 3315 1298 3368 Hecatom·

112 3401 219 3469 haecne,
237 3409 302 3455 tune
318 3400 387 3453 enim
405 3398 554 3474 migrabant
573 3418 601 3453 ex
621 3397 729 3453 aedibus
742 3398 769 3451 in
780 3398 856 3452 alias:
869 3397 937 3454 unde
947 3399 1064 3454 Comicus
1077 3398 1300 3468 Ἐκκλησιαζού.

114 3506 185 3557 σαις,
204 3508 240 3544 vs.
258 3493 326 3543 ¹753:

351 3559 445 3638 odrae,
465 3576 494 3624 sl
511 3576 546 3623 τὰ
563 3577 694 3643 σκευάρια
711 3576 797 3625 ταυτὶ
814 3573 965 3642 studium

349 3659 468 3727 πότερον
485 3658 707 3722 μετοικιζόμενος
722 3658 883 3723 ἐξενήνοχας

351 3741 414 3792 αὕτ’
430 3741 448 3805 ἢ
464 3738 556 3807 φέρεις
570 3738 688 3807 ἐνέχυρα
704 3742 808 3805 θήσεις

149 3825 279 3880 Dicuntur
306 3825 377 3879 enim
406 3821 624 3877 Hecatombacene
653 3841 754 3890 mensc3
775 3833 839 3876 tnnc
858 3823 973 3896 primum
993 3843 1096 3900 quoque
1114 3824 1211 3880 iudices
1230 3837 1298 3883 sente

110 3924 188 3971 erent
214 3913 298 3988 cepti3
326 3912 396 3968 unde
414 3912 481 3966 dixit
500 3917 586 3967 isaeus
605 3911 703 3976 ἐπειδὴ
721 3911 830 3979 πρῶτον
847 3913 882 3961 τὰ
900 3912 1065 3983 δικαστήρια
1082 3914 1246 3986 ἐπληρώθη,
1265 3918 1298 3973 de

112 4004 179 4059 Phil.
194 4003 246 4058 her.
267 4005 282 4073 §
302 4004 363 4057 373⁸
402 4001 527 4057 Videmus
544 4002 662 4056 Petitum
681 4001 743 4056 haee
762 4003 826 4056 isaei
838 4000 962 4058 vocabule
972 4003 1041 4060 mele
1051 4005 1219 4076 intellexisse,
1230 4007 1300 4063 unde

111 4114 226 4152 errorem
243 4094 297 4167 ipse
314 4093 444 4167 ingressus
462 4092 613 4150 l’latnerurn
633 4113 648 4148 a
667 4103 736 4149 recta
757 4095 797 4148 via
815 4093 935 4149 dercrtit.

149 4188 180 4256 3)
199 4205 222 4258 p.
234 4187 283 4252 45,
303 4201 329 4236 n.
348 4188 374 4238 1.
441 4221 450 4229 ..

151 4279 180 4346 d)
200 4272 314 4341 nocete,
335 4275 361 4327 C.
382 4277 401 4327 l.
421 4277 465 4328 Gr.
487 4276 514 4341 Ι,
535 4294 559 4329 n.
582 4278 643 4329 531.
