2842 5018
456 1028 691 1136 LIBER
740 1029 1093 1142 TERTIUS.

568 1333 650 1404 DE
690 1333 976 1407 TUTELA.

609 1608 926 1681 ἥκω-

753 1883 785 1954 1.

252 2131 303 2199 nn
329 2131 389 2199 ns
418 2130 491 2198 oui
519 2129 626 2196 suno
654 2129 696 2195 ru
725 2083 901 2198 ruiana.
944 2133 995 2200 nn
1024 2134 1283 2203 ruroaiuus.

659 2377 855 2394 m

748 2602 778 2666 t.

475 2861 521 2905 nn
552 2859 702 2907 ronuta
733 2861 771 2906 tu
803 2862 1042 2908 UNIVERSUM.

188 3081 289 3146 tium
322 3079 577 3164 uniuscuiusque
605 3097 644 3144 ex
677 3079 872 3164 antiquitate
903 3078 1011 3166 popuii
1042 3078 1128 3166 teges
1152 3089 1185 3148 et
1210 3082 1358 3149 instituta

154 3214 261 3287 'quam
283 3200 423 3265 maxime
442 3217 481 3263 ex
500 3199 541 3262 iis
560 3198 730 3264 literarum
751 3199 898 3284 reliquiis
918 3199 1203 3286 indagandasint,
1224 3205 1357 3288 quaein

161 3319 228 3385 vita
253 3318 416 3384 communi
440 3325 473 3383 et
499 3317 626 3402 pnbtioa
650 3326 681 3383 et
705 3320 832 3404 privata
855 3328 1041 3397 versantur,
1065 3328 1230 3388 oratorum
1256 3331 1288 3390 et
1306 3343 1357 3389 co·

161 3440 319 3505 micorum
345 3457 441 3524 opera
466 3436 551 3515 dico,
578 3437 647 3502 fieri
671 3457 735 3502 non
755 3446 859 3524 potest
880 3440 957 3525 quin
979 3439 1170 3524 gravissime
1191 3441 1358 3508 doleamus

153 3559 246 3652 ¹quod
269 3578 309 3625 ex
331 3565 419 3623 tanto
442 3558 624 3622 orationum
646 3565 677 3623 et
699 3556 935 3624 comoediarum
958 3579 1092 3625 numero
1117 3579 1201 3646 quae
1222 3561 1356 3629 tutelam

158 3678 345 3766 spectabant
368 3686 435 3744 tam
460 3695 580 3762 paucae
603 3675 738 3743 tuterint
762 3685 910 3744 aetatem.

203 3799 354 3865 Oratores
384 3806 491 3862 autern
523 3795 554 3860 id
579 3797 684 3880 ipsum
709 3805 810 3881 agunt
834 3805 870 3862 ut
893 3798 975 3863 iuris
998 3799 1149 3866 instituta
1173 3806 1354 3886 proponant

156 3929 188 3987 et
208 3919 366 4006 explicent
386 3916 602 3990 auditoribus;
619 3935 677 3981 nec
690 3917 772 3982 iuris
786 3918 892 3995 attici,
907 3925 942 3983 ut
955 3919 1061 3996 aiunt,
1076 3903 1210 4005 corpore
1221 3921 1354 3985 omnino

154 4039 322 4106 deficiente
355 4038 436 4104 alius
469 4036 539 4102 sons
570 4036 655 4103 ullus
680 4046 745 4116 cst,
770 4038 855 4104 unde
879 4040 986 4124 aptius
1010 4059 1245 4125 cognoscamus
1271 4061 1353 4129 quae

154 4159 241 4244 leges
274 4157 434 4224 valuerint
459 4157 544 4244 apud
568 4158 789 4226 Athenienses.
837 4160 872 4226 In
897 4160 1062 4227 comoedia
1086 4181 1161 4227 vero
1184 4160 1277 4226 nobis
1303 4181 1355 4227 res

151 4277 356 4365 popularium
387 4281 432 4345 ita
463 4288 685 4365 exponuntur,
718 4288 754 4345 ut
788 4282 819 4345 in
852 4301 905 4347 eas
932 4289 1099 4368 tamquam
1125 4284 1158 4348 in
1182 4281 1352 4369 speculum

152 4399 377 4487 inspiciamus;
416 4419 474 4467 nec
508 4401 569 4468 erit
603 4402 659 4486 qui
691 4421 755 4471 non
786 4399 934 4471 lubenter
967 4403 1098 4472 Horatio
1138 4402 1356 4480 assentiatur,
