2842 5018
686 247 727 308 48

160 434 249 500 Unus
279 439 425 518 superest
448 430 530 496 lsaei
554 429 642 495 loeus
667 447 870 513 nequaquam
896 428 1220 514 praetermittendus,
1244 429 1299 496 ubi

114 565 220 620 orator
251 552 331 617 dioit
359 559 470 616 notum
500 570 569 615 esse
599 548 708 614 liberis
732 569 770 614 ex
794 546 857 612 lilia
882 549 1023 632 genuina
1046 550 1132 614 natis
1156 551 1206 616 ius
1231 570 1300 617 esse

113 676 145 740 in
178 693 289 740 omnes
320 673 371 738 ari
402 691 477 757 opes
491 670 528 758 ¹).
575 669 644 734 Non
676 667 806 755 quidem
839 669 1028 733 nominatim
1059 667 1180 734 dieitur
1204 673 1298 735 istam

111 794 226 860 debere
257 811 326 858 esse
357 791 455 856 filiam
482 790 631 866 unioarn,
663 786 718 854 sed
747 787 806 852 boo
831 808 869 853 ex
893 807 928 853 re
952 789 1021 874 ipsa
1044 789 1123 853 satis
1146 788 1300 874 intelligi·

45 982 48 985 ,
111 923 177 982 tur.
226 914 283 978 llis
314 910 477 976 vocabulis
505 909 605 994 igitur
629 908 738 974 lsaeus
763 906 896 972 eandem
920 906 1022 993 legem
1047 907 1232 992 significare
1253 911 1300 974 vi-

111 1035 225 1110 detur,
250 1051 348 1118 quae,
372 1028 511 1094 indolem
534 1031 605 1093 eius
630 1029 658 1092 si
682 1034 880 1113 spectemus,
906 1025 990 1091 haud
1015 1027 1111 1092 dubie
1132 1037 1300 1115 propterea

110 1155 143 1219 in
169 1155 238 1217 iure
262 1151 361 1217 attico
384 1157 433 1215 est
455 1149 622 1226 instituta,
644 1155 680 1213 ut
701 1167 816 1213 nornen
838 1153 1009 1233 paternum
1032 1155 1159 1213 tantum
1180 1149 1214 1213 in
1235 1147 1299 1214 lilia

111 1279 274 1358 superstes
309 1290 406 1356 quam
442 1269 599 1335 citissime
634 1269 667 1331 in
700 1266 868 1353 nepotibus
899 1267 1107 1332 revivisceret
1138 1277 1170 1333 et
1201 1268 1301 1354 stirps

110 1390 290 1457 masculina
321 1390 354 1453 in
386 1388 496 1455 eadem
525 1387 648 1453 familia
672 1394 870 1454 nasceretur.
920 1385 1010 1466 Quod
1034 1406 1107 1451 oum
1134 1395 1300 1466 tenemuS,

110 1511 221 1596 quaeri
254 1517 357 1596 potest
389 1528 428 1573 an
457 1508 554 1574 etiam
579 1506 710 1593 epioleri
735 1506 862 1572 filiabus
887 1506 971 1571 idern
996 1507 1047 1572 ius
1071 1505 1169 1571 luerit
1195 1509 1227 1571 in
1250 1509 1301 1573 avi

110 1630 337 1708 hereditatem,
360 1636 398 1694 ut
417 1625 639 1692 deficientibus
664 1627 832 1713 nepotibus
855 1635 1044 1713 pronepotes
1069 1646 1185 1691 nomen
1208 1626 1301 1694 lami·

110 1750 172 1816 liae
210 1748 249 1814 ab
285 1748 421 1813 interitu
452 1754 627 1811 servarent.
684 1746 740 1810 His
772 1766 847 1811 vero
880 1745 957 1832 quid
990 1746 1199 1832 respondeam
1238 1767 1301 1813 non

110 1869 224 1944 habeo;
254 1877 400 1934 veterum
432 1866 517 1932 enirn
551 1866 735 1931 testimonia
763 1865 856 1951 plane
881 1866 1015 1943 desunt,
1040 1887 1098 1933 neo
1123 1865 1242 1932 nodum
1268 1869 1301 1932 in

110 2009 235 2075 sorrpts.

155 2109 199 2173 nt
234 2109 303 2193 qui
336 2107 570 2194 epiolerum
603 2107 724 2171 duxit
756 2107 878 2172 euius
908 2107 1012 2172 bona
1036 2107 1303 2193 paternaoh-

110 2236 258 2294 aerata
290 2234 412 2293 orant
444 2247 516 2293 sua
550 2227 727 2314 pecunia
760 2246 806 2292 ea
834 2225 1062 2293 liberanda
1085 2226 1223 2293 luisse
1246 2230 1303 2292 vi-

110 2347 276 2413 dentur.
325 2347 409 2414 Haeo
442 2346 554 2412 saltem
588 2366 627 2411 ex
658 2347 746 2412 Isaeo
777 2346 893 2412 elicere
924 2346 1012 2412 lubet
1041 2348 1097 2432 qui
1121 2346 1181 2411 bao
1203 2346 1243 2413 de
1268 2366 1303 2412 re

110 2467 207 2555 ita²):
241 2470 291 2533 »si
316 2486 385 2533 sors
409 2466 486 2532 haeo
513 2485 585 2532 aere
610 2465 713 2531 alieno
738 2487 888 2553 oppressa
912 2464 1045 2542 luisset,
1069 2486 1132 2531 non
1156 2466 1191 2530 hi
1218 2466 1301 2554 (soil.

109 2589 165 2673 qui
197 2588 229 2651 in
260 2585 343 2652 bano
376 2586 507 2651 domum
544 2585 644 2652 lilium
677 2586 822 2672 adoptari
846 2586 1050 2674 curaverant)
1077 2585 1218 2672 prolecto
1241 2606 1302 2673 pro

109 2706 164 2772 illa
195 2713 281 2771 sorte
311 2704 479 2770 solvissent
510 2703 549 2770 de
580 2724 637 2770 suo
663 2705 887 2793 (nequeenim
913 2705 971 2770 boo
993 2704 1034 2770 iis
1060 2725 1188 2770 necesse
1211 2714 1299 2783 erat,

110 2825 165 2893 sed
197 2825 314 2913 quibus
344 2825 394 2888 ius
425 2833 495 2889 erat
527 2833 663 2890 matrem
699 2845 803 2891 meam
834 2824 896 2890 sibi
919 2826 952 2889 in
977 2826 1219 2890 matrimonium
1244 2823 1301 2890 de-

109 2944 260 3035 posoendi
287 2927 350 3008 ¹bos
382 2943 546 3029 oportebat
574 2943 612 3009 de
651 2945 701 3009 bis
733 2943 912 3032 providere)
938 2965 1041 3030 neque
1064 2944 1207 3031 prolecto
1229 2945 1302 3011 Ari·-

110 3062 278 3156 starohum
310 3039 349 3126 in
375 3062 535 3129 eiusmodi
564 3073 682 3129 sortem
717 3063 899 3129 obaeratam
933 3066 1163 3143 immisissent,
1195 3086 1301 3152 aqua

109 3182 363 3250 emolumenturn
387 3182 516 3268 quidem
543 3183 681 3247 ablaturi
705 3191 798 3248 erant
820 3182 959 3261 nullum,
982 3182 1099 3250 damna
1120 3193 1228 3251 autem
1250 3187 1300 3251 in·

109 3303 252 3390 gentia.''
300 3303 411 3387 ltaque
435 3301 521 3386 leges
545 3300 584 3367 de
609 3300 765 3368 ducendis
788 3311 820 3368 et
841 3303 1002 3369 olooandis
1022 3303 1168 3390 epioleris
1191 3314 1299 3371 utrum

110 3421 182 3507 plns
209 3419 367 3487 commodi
399 3440 439 3484 an
472 3420 581 3485 damni
615 3421 866 3488 Atheniensibus
897 3422 1066 3489 attulerint
1097 3423 1227 3490 difficile
1252 3435 1301 3491 est

110 3541 212 3611 dictu.
268 3539 477 3626 Singulorum
512 3541 657 3626 gentium
693 3542 829 3608 salutem
862 3543 1048 3619 tuebantur,
1073 3545 1201 3630 saepius
1228 3564 1302 3610 vero

110 3661 246 3749 singulis
270 3660 448 3728 molestiam
475 3662 574 3727 immo
598 3682 672 3729 vero
696 3663 872 3748 perniciem
897 3664 1045 3730 attulisse
1068 3663 1222 3731 credibile
1241 3673 1299 3732 est.

109 3958 258 4004 constanter
275 3949 367 4003 docent
387 3953 463 3998 σῖτον
483 3968 535 4004 osse
554 3951 606 4014 τὴν
624 3948 775 4016 διδομένην
791 3948 929 4016 πρόσοδον
947 3951 988 4008 εἰς
1004 3955 1109 4019 τροφὴν
1126 3956 1190 4010 ταῖς
1205 3968 1301 4017 γυναι-

111 4037 154 4095 elo
170 4037 187 4102 ἢ
205 4042 264 4096 τοῖς
283 4037 417 4107 ὀρφανοῖς·
455 4037 492 4093 Cl.
513 4036 588 4092 bleior
607 4048 634 4090 et
652 4037 769 4092 Schoem.
789 4038 814 4091 d.
834 4048 883 4092 ott.
903 4059 940 4113 pr.
962 4060 985 4114 p.
997 4044 1050 4094 425
1070 4059 1106 4114 sq.

147 4130 178 4198 1)
197 4127 228 4182 de
247 4129 339 4203 Pyrrhi
360 4128 411 4181 her.
433 4147 457 4200 p.
468 4129 517 4193 43,
537 4128 552 4194 ᾗ
573 4130 617 4180 50.

148 4219 179 4287 2)
199 4216 231 4270 de
250 4218 328 4272 Arist.
348 4215 403 4270 lter.
425 4235 449 4288 p.
462 4219 511 4283 81,
533 4216 548 4284 §
568 4218 611 4268 16.

595 4429 790 4444 -Α--ι-ιι--ηιια
