2842 5018
636 276 678 337 87

61 468 247 528 mentum
280 468 365 525 tum
397 458 561 525 demum
593 465 734 522 ratum
759 477 869 537 esse,
892 461 927 525 si
951 459 1041 525 titii
1066 470 1163 530 ante
1187 485 1255 553 pu·

59 580 269 647 bertatcm
301 579 616 651 decessissent;
647 596 706 662 pro
730 577 847 663 quibus
870 578 977 645 verbis
1000 579 1114 648 callide
1138 584 1255 651 nulia

60 698 180 785 prole
204 698 361 764 relicta
383 696 524 772 addidit;
546 703 712 782 praeterea
736 695 929 786 Cleonymus
953 718 1015 764 uon
1040 709 1114 767 ante
1137 703 1254 790 puber-

59 826 161 886 tatem
193 817 286 895 ohiit,
318 838 392 884 nam
424 824 655 885 testamentum
680 815 826 903 reliquit,
852 818 937 903 quod
962 826 1087 886 tantum
1113 830 1162 888 est
1186 825 1257 890 eius
1352 805 1357 813 ”

63 939 117 1025 qui
144 939 177 1004 in
201 956 293 1003 suam
317 938 464 1024 pervenit
487 935 632 1003 tutelam.

109 1058 322 1125 Athenienses
342 1077 417 1123 vero
436 1056 544 1142 legum
566 1054 740 1121 admodum
761 1057 928 1141 imperitos
947 1056 1048 1126 inisse
1069 1079 1133 1126 uno
1152 1081 1257 1129 exem·

62 1177 114 1265 pdo
138 1176 306 1245 ostendere
325 1176 438 1251 liceum
465 1177 575 1242 Isaeus
599 1175 685 1241 enim
711 1176 743 1241 in
768 1176 912 1243 oratione
935 1176 974 1244 de
999 1180 1178 1247 Aristarchi
1202 1181 1258 1249 he-

64 1297 201 1366 reditate
227 1298 251 1385 ¹)
293 1296 500 1363 vehementer
543 1303 640 1380 negat
672 1295 898 1363 Aristarchum
935 1280 991 1383 per
1026 1306 1256 1369 testamentum

64 1417 214 1486 heredem
238 1418 381 1493 scribere
403 1417 563 1503 potuisse,
587 1417 705 1503 quippe
729 1417 782 1482 oui
807 1424 890 1482 esset
910 1415 996 1484 titius
1016 1423 1177 1505 genuinus
1198 1424 1256 1490 lie·

64 1537 241 1605 mochares.
298 1537 390 1603 Certe
420 1537 526 1623 potuit
556 1555 595 1601 ex
626 1535 686 1601 hac
715 1535 804 1621 lege,
836 1536 891 1602 sed
927 1545 1154 1608 testamentum
1187 1552 1258 1611 erat

64 1660 210 1734 irritum,
243 1655 344 1723 donec
375 1655 589 1722 Deurocbares
621 1664 786 1743 superstes
816 1665 900 1733 erat,
932 1679 997 1744 quo
1027 1660 1158 1729 demum
1183 1673 1258 1733 ante

63 1777 266 1865 pubertatem
298 1783 426 1841 mortuo
457 1784 566 1842 ratum
600 1774 704 1840 fiebat.
753 1774 950 1843 Prudentius
980 1777 1110 1847 iecisset
1141 1802 1258 1853 causae

66 1905 240 1981 patronus,
269 1896 297 1961 si
321 1895 381 1960 hoc
404 1915 532 1980 qnoque
555 1893 624 1958 loco
646 1895 711 1959 iam
736 1893 875 1960 alterum
900 1896 1062 1964 attulisset
1083 1921 1257 1986 argumen-

68 2024 157 2089 tum,
189 2033 252 2098 quo
284 2012 493 2079 Aristarchus
524 2010 776 2097 impediebatur,
808 2014 981 2097 quominus
1004 2016 1151 2086 heredem
1177 2025 1258 2089 scri·

66 2132 158 2199 beret
186 2151 379 2219 quoeunque
401 2131 495 2197 vellet
519 2129 628 2197 modo:
655 2130 720 2197 filia
744 2133 812 2197 scit.
836 2134 866 2199 ei
891 2142 1053 2220 superstes
1074 2148 1160 2219 erat,
1188 2144 1257 2211 sine

67 2272 130 2340 qua
162 2252 264 2318 filium
297 2251 449 2337 adoptare
472 2271 534 2316 non
560 2251 674 2337 potuit.
723 2251 811 2318 Hanc
834 2260 942 2321 tamen
967 2254 1086 2342 legem,
1111 2278 1197 2327 nunc
1222 2282 1260 2330 ea

66 2393 130 2438 non
166 2391 260 2449 usus,
293 2370 399 2457 paullo
431 2379 539 2457 postea
553 2371 580 2457 ¹)
606 2382 847 2441 commemorat.
896 2373 958 2442 Sed
982 2375 1042 2443 bac
1066 2377 1105 2445 de
1128 2391 1257 2449 contro·

67 2494 174 2559 versia
198 2491 282 2558 inira
305 2491 444 2578 amplius
469 2490 549 2558 mibi
573 2491 734 2576 agendum
758 2493 837 2570 erit,
854 2502 941 2560 'curu
965 2494 1070 2562 dicam
1095 2497 1135 2565 de
1158 2502 1258 2569 variis

67 2612 172 2679 modis
195 2611 313 2698 quibus
336 2612 441 2697 patria
470 2619 611 2698 potestas
633 2613 838 2680 terminetur.

113 2732 202 2798 Plato
223 2751 300 2798 suae
322 2733 445 2798 civitati
466 2731 553 2816 leges
565 2731 771 2799 conscribens
783 2732 866 2800 hanc
879 2735 1026 2803 imitatus
1038 2758 1107 2805 esse
1121 2739 1257 2822 videtur,

67 2873 141 2920 cum
175 2850 289 2918 scribit
302 2851 342 2939 ²):
377 2852 429 2916 »si
460 2852 512 2917 eni
542 2849 628 2917 fitius
658 2852 807 2938 impubes
826 2854 985 2921 moriatur
1007 2859 1073 2923 sive
1097 2863 1258 2944 genuinus

67 2977 136 3042 sive
155 2971 326 3061 adoptatus
348 2978 459 3038 caveto
479 2991 606 3058 quoquc
625 2970 664 3037 de
684 2971 741 3036 tali
763 2970 891 3038 fortuna
910 2974 939 3039 is
959 2976 1258 3061 quitestamentum

70 3093 201 3170 scribit,
226 3113 321 3180 quem
347 3091 484 3158 alterum
509 3090 610 3158 tilium
637 3094 669 3157 in
693 3091 858 3158 meliorem
883 3092 1012 3181 adoptet
1034 3094 1246 3166 fortunam.”·

115 3214 233 3281 luter
260 3233 325 3279 eos
349 3232 452 3298 quos
472 3211 538 3277 lex
561 3209 766 3298 adoptare
786 3220 920 3292 vetat,
949 3218 1259 3307 praeteradoptivos

68 3337 173 3422 ipsos,
204 3332 384 3420 dequibus
409 3331 653 3410 iamvidimus,
682 3332 787 3417 primo
821 3330 889 3400 loeo
918 3337 1103 3404 nominandi
1128 3345 1260 3408 sunt'ii

69 3457 144 3543 qui
168 3461 269 3521 suut
292 3452 458 3518 rationi
482 3450 722 3519 reddendae
745 3450 929 3519 obnoxii.
977 3456 1140 3524 Disertum
1161 3460 1259 3528 huius

68 3577 118 3643 rei
151 3581 256 3641 exstat
288 3572 456 3639 Aeschinis
491 3572 769 3661 testimonium⁴):
804 3592 897 3638 »eum
923 3575 980 3659 qui
1002 3577 1143 3643 rationes
1167 3579 1260 3648 debet

69 3716 175 3783 neque
198 3714 273 3783 opes
297 3712 372 3759 suas
391 3710 579 3758 consecrare
599 3691 677 3757 sinit
696 3691 747 3757 lex
769 3711 871 3779 neque
891 3690 1023 3758 donaria
1042 3697 1170 3784 templis
1190 3721 1259 3768 sus·

69 3815 210 3904 pendere
236 3833 340 3900 neque
359 3811 504 3899 adoptari
524 3830 628 3898 neque
648 3818 877 3877 testamentum
897 3810 1036 3878 facere.''
1073 3813 1173 3883 Causa
1196 3838 1259 3884 non

67 3939 165 4005 latet:
190 3955 284 4002 nemo
307 3933 426 3999 donare
447 3931 555 4017 legare
578 3939 681 4019 potest
705 3932 768 3997 nisi
792 3951 829 3997 ea
852 3951 989 4017 quorum
1014 3933 1083 4019 ipse
1110 3934 1260 4008 dominus

108 4174 139 4242 1)
159 4174 243 4243 pcc,
264 4170 279 4236 o
299 4170 324 4220 e.

109 4263 140 4330 2)
160 4258 198 4313 u.
218 4260 233 4326 o
254 4262 297 4311 13.

109 4352 140 4418 3)
159 4347 190 4401 ae
210 4346 276 4420 regg.
297 4348 349 4409 xi,
368 4345 422 4395 ene
444 4345 476 4409 n,
498 4345 554 4397 vu.

110 4439 140 4507 r)
159 4455 181 4491 e.
201 4440 266 4490 cte.
287 4435 373 4507 pec,
394 4434 409 4503 o
430 4433 473 4485 21.
