2842 5018
679 284 696 342 7

92 467 245 554 prospicit
276 485 387 532 aarum
425 464 645 552 sponsalibus,
681 465 799 550 quihus
819 484 876 531 nec
903 475 993 552 pater
1016 488 1073 534 nee
1099 468 1197 536 irater
1222 492 1280 539 nec

91 608 171 655 avus
194 594 359 675 superstes
382 587 436 653 sit.
487 584 573 651 Talis
596 584 663 652 filia
686 586 846 668 ἐπίκληρος
871 585 1006 666 dicitur,
1031 598 1063 655 et
1086 589 1136 656 lex
1160 590 1281 659 diserte

91 710 184 775 docet
215 708 313 774 huius
337 706 581 794 despondendae
601 706 680 772 nulli
705 706 760 772 alii
782 709 834 773 ius
857 728 943 786 esse,
968 709 1030 774 nisi
1056 712 1102 787 ei,
1131 714 1186 797 qui
1211 712 1280 778 eius

91 830 187 912 κύριος
222 831 282 906 sit,
315 828 404 894 velut
436 828 539 914 patris
570 826 714 894 defuncti
744 826 901 894 iratribus
928 837 985 894 arrt
1016 831 1147 916 epicleri
1178 833 1280 918 ipsius
1380 918 1383 925 Ι

92 950 185 1028 filim,
216 969 291 1017 cum
323 948 405 1014 libro
427 947 620 1014 lexiarclrico
640 949 706 1014 sint
729 949 877 1035 inscripti
892 949 928 1036 ¹).
976 950 1048 1016 Mox
1073 960 1179 1019 tamen
1204 973 1280 1022 cum

91 1070 130 1137 de
151 1070 252 1137 altero
275 1070 476 1136 matrimonii
501 1069 633 1136 ineundi
657 1069 751 1136 modo
774 1089 925 1155 agemus,
946 1070 1120 1139 haedere
1141 1074 1280 1160 amplius

90 1190 253 1267 dicemus;
277 1211 363 1257 nunc
388 1192 467 1257 satis
491 1191 534 1256 sit
557 1189 660 1275 digito
687 1198 815 1256 tantum
837 1189 1025 1256 ostendisse.

134 1309 327 1398 Exemplum
348 1309 459 1377 fratris
478 1329 620 1376 sororem
640 1309 869 1396 despondentis
889 1330 990 1376 unum
1011 1331 1030 1376 e
1047 1312 1159 1379 multis
1170 1312 1279 1380 lsaeus

89 1430 181 1498 nobis
211 1431 381 1519 praebeat,
413 1450 550 1498 narrans
582 1431 761 1497 Hieroclem
783 1451 926 1498 sororem
950 1452 1042 1500 suam
1072 1433 1279 1521 despondisse

90 1551 309 1639 Theophrasto
320 1552 359 1640 θ).

134 1671 300 1758 sponsalia
336 1680 444 1737 antem
469 1670 606 1736 testibus
628 1672 853 1757 praesentibus
877 1671 946 1738 lieri
971 1673 1114 1740 solebant
1127 1674 1167 1763 ³).
1215 1676 1278 1742 lle·

87 1793 247 1857 cautiores
277 1811 352 1858 vero
380 1797 528 1857 auctores
540 1791 567 1879 ⁴)
596 1791 839 1856 somniaverunt
864 1790 903 1857 de
928 1791 1137 1863 sollemnibus
1158 1794 1278 1860 tabulis

87 1913 224 1995 signatis
248 1929 356 1975 coram
380 1907 534 1985 testibus,
557 1908 675 1994 quibus
700 1910 728 1972 is
752 1911 804 1974 oui
830 1906 949 1974 lomina
969 1911 1181 1996 sponderetur
1201 1933 1277 1979 con·

89 2029 237 2095 [iteretur
269 2048 304 2094 se
327 2047 400 2094 cum
425 2027 569 2112 legitima
595 2047 691 2093 uxore
715 2036 837 2094 certant
862 2029 1003 2115 aliquam
1028 2033 1198 2118 pecuniam
1223 2051 1277 2100 ac·

88 2151 221 2235 cepisse.
268 2148 314 2214 lle
347 2148 398 2214 his
426 2155 535 2215 autem
560 2147 679 2214 tabulis
702 2148 788 2235 apud
812 2150 962 2235 antiquos
985 2151 1066 2217 nihil
1091 2153 1275 2233 invenitur,

87 2290 147 2336 nec
183 2289 235 2337 res
270 2270 337 2355 ipsa
374 2288 433 2335 nec
465 2268 676 2335 bellissimum
712 2289 828 2335 nomen
861 2273 1013 2352 προικῷαι,
1039 2272 1124 2358 quod
1148 2272 1276 2341 Bunsen

87 2392 127 2456 iis
158 2389 278 2457 tabulis
310 2389 444 2469 indidit,
474 2391 536 2456 nisi
566 2411 603 2457 ex
628 2390 865 2477 llarmenopulo
889 2391 1088 2458 Theodoreto
1112 2393 1144 2458 id
1172 2414 1275 2478 genus

86 2511 158 2578 aliis
194 2511 345 2577 innotuit.
392 2512 503 2578 Isaeus
537 2511 570 2576 in
606 2511 750 2576 oratione
773 2510 812 2577 de
835 2510 953 2599 Pyrrhi
977 2511 1156 2580 hereditate
1180 2513 1275 2580 uber-

85 2635 168 2699 rime
192 2632 231 2700 de
254 2631 456 2719 sponsalibus
479 2651 578 2717 agens
603 2651 761 2718 nusquam
786 2632 928 2710 tabulas,
953 2652 1079 2720 semper
1101 2652 1177 2699 vero
1200 2642 1273 2699 tan·

87 2765 155 2820 tum
189 2760 288 2820 testes
320 2771 428 2818 coram
460 2751 578 2838 quibus
609 2750 666 2818 dos
690 2753 809 2820 tradita
832 2761 903 2820 erat
926 2761 1168 2822 commemorat.
1217 2756 1273 2831 At,

85 2875 209 2960 opinor,
231 2893 294 2937 non
318 2872 527 2958 neglexisset,
549 2872 575 2938 si
597 2892 709 2939 revera
734 2873 861 2940 tabulae
884 2873 998 2939 confici
1022 2874 1133 2939 solitae
1152 2882 1273 2952 essent,

85 2993 202 3060 harum
227 2993 332 3059 lacere
355 2992 564 3059 mentionem.

132 3114 254 3179 Vitrico
296 3113 461 3199 privignae
504 3109 748 3199 despondendae
784 3111 834 3176 ius
869 3130 931 3175 non
966 3120 1050 3189 erat,
1088 3132 1160 3178 narn
1196 3112 1274 3179 haec

86 3234 185 3301 aliurn
216 3234 311 3314 κύριον
348 3232 503 3306 habebam
526 3232 650 3298 scilicet
681 3241 738 3297 aut
773 3231 909 3298 habebat
931 3231 1068 3312 fratres,
1089 3233 1207 3320 quibus
1232 3234 1274 3299 il·

85 3354 143 3422 lud
165 3356 217 3421 ius
241 3353 406 3441 perleges
430 3353 540 3418 datum
565 3352 643 3431 luit,
669 3361 726 3418 aut
749 3353 909 3438 epiclerus
933 3362 1024 3434 erat,
1050 3354 1089 3421 dc
1113 3375 1176 3440 qua
1196 3354 1273 3440 quid

84 3475 170 3561 leges
193 3475 366 3542 statuerint
390 3481 499 3560 postea
521 3472 714 3540 videbimus.

122 3746 152 3813 1)
173 3746 205 3797 ls.
225 3741 257 3795 de
276 3741 354 3795 Arist.
375 3739 428 3794 her.
448 3761 472 3814 p.
484 3744 533 3809 80,
553 3743 568 3811 §
589 3743 632 3793 12.

120 3834 151 3902 2)
169 3830 202 3884 dc
222 3829 330 3905 Astyph.
351 3829 404 3884 her.
421 3850 445 3902 p.
457 3832 505 3896 77,
526 3831 541 3898 §
561 3832 609 3896 27,
629 3828 663 3883 cl.
684 3848 708 3901 p.
720 3831 768 3896 74,
788 3830 803 3896 §
824 3832 841 3884 6
860 3839 887 3883 et
907 3850 930 3902 ρ.
944 3833 992 3899 77,
1013 3831 1155 3900 §amabi
1166 3830 1274 3886 Scheibe

82 3919 225 3974 rectissime
244 3928 349 3974 auctore
369 3917 481 3973 Debreeo
500 3927 527 3972 et
545 3917 728 3972 Turicensibus
747 3916 850 3971 addidit
870 3919 918 3967 καὶ
936 3916 1038 3985 ἐκείνῳ.
1077 3920 1164 3974 Malim
1184 3930 1274 3975 tamen

82 4007 165 4070 κάμοὶ
183 4006 299 4074 κάκείνῳ
317 4026 362 4080 pro
380 4007 427 4075 iis,
456 4026 522 4082 quae
550 4027 622 4062 nunc
649 4006 776 4080 leguntur
804 4005 854 4054 nal
870 4004 965 4073 ἐκείνῳ
983 4005 1031 4055 καὶ
1048 4007 1120 4077 ip0i3
1149 4027 1178 4063 eo
1203 4009 1274 4064 enim

81 4098 158 4152 modo
175 4097 258 4152 locare
272 4096 423 4171 pronomina
443 4096 585 4169 personalia
603 4095 694 4150 Graeci
712 4105 817 4164 amant3
836 4094 868 4150 cf.
880 4098 894 4165 p
906 4099 935 4150 6:
955 4097 1038 4146 θεῖον
1056 4094 1124 4146 ὄντα
1142 4097 1190 4148 καὶ
1207 4096 1273 4159 ἐμοῦ

87 4187 136 4238 καὶ
153 4186 268 4241 ἐκείνου.

120 4279 150 4348 3)
170 4279 202 4330 ls.
222 4275 254 4328 de
274 4276 365 4350 Pyrrh.
385 4272 438 4327 her.
460 4293 485 4347 p.
496 4274 547 4341 39,
568 4273 583 4340 §
604 4275 639 4326 18
659 4281 684 4327 et
705 4291 728 4345 p.
740 4276 790 4338 to,
811 4274 825 4342 β
845 4277 889 4329 26.

119 4370 150 4437 d)
169 4371 251 4433 Gens,
271 4365 316 4418 das
335 4361 455 4418 erbreclrt
474 4362 503 4416 in
522 4360 668 4435 weltgesch.
689 4360 848 4431 entwiclrol.,
868 4367 894 4432 l,
915 4383 939 4437 p.
951 4368 1019 4434 3043
1036 4367 1150 4433 liunsen,
1170 4363 1202 4418 de
1216 4362 1272 4418 iure

82 4455 168 4511 liered.
191 4455 299 4523 Allicit,
320 4475 343 4528 p.
356 4457 391 4508 li
410 4471 447 4526 sq.
