2842 5018
637 267 699 329 151

70 448 241 535 publice
271 449 481 517 vendendi
515 470 585 536 per
609 466 883 536 praeconem,
908 464 971 533 qua
994 444 1033 512 dc
1057 464 1091 512 re
1115 464 1178 512 nou
1202 443 1266 516 du·

69 569 193 637 bllator
206 572 245 658 ¹).
457 659 459 662 Α

67 741 69 746 .
112 688 277 776 Quidquid
305 690 409 776 ipitur
437 710 494 777 per
524 708 714 777 praeconem
748 687 973 776 promulgatur
995 683 1261 766 ἀποκηρύττεσθαι

35 865 37 871 .
65 810 204 885 diuitum
234 809 315 876 nihil
346 809 447 876 refert
475 811 563 876 sitne
593 809 760 876 deeretnm
794 806 960 895 poblicum
985 825 1026 873 au
1047 825 1099 874 res
1124 807 1261 891 priuata.

65 931 170 1016 Igitur
202 929 399 998 censendum
431 939 480 997 est
509 929 686 997 liberorum
716 927 972 1003 abdicationem,
993 927 1023 992 si
1046 925 1145 994 Attici
1169 943 1263 992 neve·

64 1050 151 1128 rint,
174 1053 282 1136 potius
304 1056 435 1137 propter
458 1048 595 1116 formam
621 1067 718 1136 quam
742 1055 874 1134 propter
897 1063 966 1114 rem
987 1044 1091 1131 ipsam
1111 1046 1261 1125 ύποκύρυ·

63 1168 110 1247 ξιν
132 1169 255 1236 dictam
278 1167 395 1243 tuisse
426 1187 478 1234 res
505 1170 592 1234 enim
614 1168 686 1253 ipsa
708 1164 1000 1252 potius‘aiedlp‘ume
1023 1163 1110 1232 dicta
1133 1162 1261 1234 luisset.

64 1290 160 1357 Pater
178 1290 267 1356 enim
291 1285 356 1354 lilio
374 1288 504 1373 generis
523 1287 783 1354 communionem
803 1284 1006 1367 ύποορορούει,
1026 1283 1110 1370 quod
1129 1281 1260 1359 deiude,

63 1418 101 1477 ut
121 1428 232 1476 omnes
251 1409 371 1485 sciant,
390 1425 448 1494 per
468 1426 659 1495 praeconem
678 1404 874 1494 promulgat,
896 1404 1111 1486 ἀποκηρύττει.
1157 1409 1258 1469 'Ara-

59 1529 193 1612 ρορεύιοο
213 1527 273 1594 hac
291 1527 527 1614 significatione
549 1529 613 1594 ianr
634 1525 720 1613 apud
743 1535 866 1592 veteres
884 1524 1047 1601 occurrit,
1059 1523 1158 1589 veluti
1173 1524 1258 1610 apud

61 1648 258 1716 Herodotum
272 1648 319 1737 ²),
340 1648 398 1735 qui
424 1658 536 1715 narrat
558 1646 724 1714 Chilonem
748 1644 952 1731 Hippocrati,
974 1644 1136 1712 Pisistrati
1156 1645 1257 1730 patri,

61 1769 203 1834 suasisse
236 1786 387 1836 »uxorem
421 1787 485 1834 nun
518 1767 639 1834 ducere
667 1774 702 1832 et
731 1766 759 1830 si
782 1767 812 1833 ei
836 1772 933 1832 natos
956 1771 1041 1833 esset
1064 1762 1150 1828 lilius
1172 1762 1259 1829 bunc

61 1887 296 1963 ύπούποιπύιοι,”
316 1893 353 1952 ut
371 1887 489 1953 ritaret
506 1885 726 1952 calamitatem
739 1883 801 1950 sibi
812 1903 853 1950 ex
864 1883 1012 1970 prodigio
1024 1883 1259 1953 imminentem.

24 2081 27 2088 ,
62 2004 184 2072 nouem
209 2002 301 2071 modo
323 2023 403 2070 usus
426 2012 476 2070 est
499 2003 732 2090 Esuripides³lz

291 2125 316 2190 οἱ
341 2123 367 2188 δ’
388 2124 536 2191 ἀπειπεῖν
557 2131 636 2206 χρῆν
659 2146 703 2202 sea
724 2120 855 2204 κκρύκοοο
878 2119 937 2190 ύπο

290 2245 345 2320 rba
368 2244 426 2318 τὴν
448 2240 594 2326 πατρῴοιο
615 2241 737 2321 iceles,
759 2242 892 2310 ἀπεῖπον
914 2239 964 2309 bu.

107 2362 257 2430 Pluribus
275 2361 431 2448 exemplis
451 2381 547 2449 pareo
559 2362 602 2449 ⁴),
623 2370 655 2429 et
673 2360 781 2430 locunt
800 2361 979 2451 Platonisssl
995 2359 1257 2441 allerreiestino,

60 2506 127 2573 quo
153 2485 286 2551 duetus,
301 2482 506 2550 clarissimus
533 2502 593 2549 van
618 2482 739 2562 Asson,
763 2491 802 2553 ut
822 2482 982 2562 vidimus,
1008 2483 1135 2552 censuit
1158 2481 1257 2570 pbilo-

60 2604 197 2692 sophnm
228 2605 263 2670 in
290 2602 471 2690 republica,
494 2622 593 2689 quarn
618 2604 687 2690 ipse
709 2601 900 2672 informaret
923 2604 968 2671 ita
992 2603 1194 2690 praecepisse
1217 2603 1257 2672 de

61 2724 274 2791 abdicationis
298 2721 418 2802 orma,
445 2730 481 2789 ut
503 2723 675 2792 emendare
698 2722 836 2791 voluisse
856 2722 1020 2791 rideretur
1039 2740 1120 2809 quae
1141 2724 1176 2788 in
1197 2721 1256 2790 boc

56 2846 210 2912 instituto
233 2843 312 2910 vitia
332 2841 607 2929 deprehendisset
654 2842 745 2909 Plato
767 2851 876 2911 autem
900 2840 996 2910 baec:
1021 2841 1257 2913 »dissensiones

59 2973 191 3051 patrum
224 2983 300 3028 eum
330 2961 443 3029 liberis
475 2963 543 3029 suis
573 2963 725 3030 oriuntur
756 2969 789 3031 et
812 2961 986 3032 liberorum
1010 2976 1085 3031 eum
1109 2961 1257 3049 patribus

59 3085 198 3150 maiores
229 3101 327 3170 quam
361 3101 419 3168 par
447 3089 512 3160 est,
536 3081 569 3147 in
593 3081 711 3167 quibus
735 3088 843 3167 patres
866 3079 1002 3149 luctasse
1021 3081 1256 3151 existimabunt

59 3203 278 3289 legislatorem
308 3209 456 3288 oportere
487 3201 630 3279 sancire,
662 3209 698 3268 nt
724 3199 821 3269 liceat
845 3202 923 3287 ipsis
943 3200 1072 3287 quando
1096 3201 1256 3271 voluerint

61 3323 164 3390 lilium
198 3341 308 3390 coram
343 3320 494 3389 omuibus
529 3341 587 3408 per
621 3340 810 3408 praeconem
842 3321 991 3390 abdicare
1021 3321 1095 3411 (ὑπὸ
1126 3324 1253 3404 κύροκοι

95 3618 126 3687 1)
145 3635 168 3670 e.
188 3636 212 3689 g.
238 3617 369 3671 Demosth.
394 3636 416 3670 c.
440 3614 562 3670 Aristeus.
587 3636 611 3689 p.
626 3618 695 3682 aab,
718 3616 732 3685 d
752 3615 820 3679 201,
840 3611 932 3666 Herod.
957 3616 987 3679 1,
1011 3613 1081 3681 1ar,
1112 3618 1173 3669 Luc.
1195 3616 1253 3670 citt.

59 3712 130 3758 anet.
147 3707 179 3771 63
196 3704 233 3758 sic
254 3703 446 3773 ύκκηρύτποοτ,
468 3701 597 3757 Demoatlr.
615 3703 640 3757 d.
660 3700 677 3756 f.
694 3702 713 3757 l.
728 3719 753 3775 p.
765 3704 832 3768 wi,
846 3703 941 3770 §83¹3
961 3703 1254 3771 ΑτοιωοοοΜτρρύξαι·

57 3793 229 3861 ἀποκήρυξιν
246 3793 338 3858 αὐτὴν
360 3789 482 3856 ἀγαγών,
505 3782 562 3840 οἶοι
577 3791 633 3842 ὑπὸ
651 3791 748 3860 κήρυκι
764 3788 901 3858 ludique,
925 3789 972 3844 nbi
992 3787 1176 3846 Valckenarius
1194 3790 1253 3846 lau·

56 3881 103 3934 dat
127 3879 230 3933 Stobaei
247 3879 333 3935 locum
358 3881 394 3953 (p.
406 3881 461 3932 280
484 3883 530 3944 G.,
547 3879 641 3943 XLIV,
662 3881 697 3931 22
715 3877 803 3947 init),
824 3874 917 3938 οἱμὲν
935 3862 982 3927 οἷον
1000 3875 1055 3926 ὑπὸ
1073 3879 1188 3946 κήρυκος
1206 3895 1254 3939 κε,-

56 3967 168 4019 λούουσι
184 3966 287 4018 uulsis
305 3967 354 4017 sul
371 3965 576 4035 προκηρύττειν
597 3965 625 4013 ἐκ
642 3963 775 4015 elesdras
793 3963 909 4033 ἦμορύοκ.

95 4053 128 4121 2)
147 4054 175 4118 1,
196 4052 240 4103 59.

96 4142 127 4209 3)
147 4137 202 4192 Alo.
224 4158 246 4191 v.
267 4141 329 4190 737.
939 4203 942 4208 Ι

95 4229 125 4298 4)
145 4227 172 4282 Si
192 4226 262 4281 tanti
279 4234 330 4290 est,
356 4224 509 4298 inspiciatur
528 4226 591 4278 Xon.
613 4219 694 4276 nneb.
715 4224 778 4289 Vll,
800 4225 813 4274 1
846 4221 896 4276 sub
924 4222 1020 4293 finem,
1040 4223 1086 4280 ubi
1109 4234 1253 4301 usurpatur

55 4316 89 4372 dc
105 4314 243 4389 strategiae
257 4313 430 4379 abdicatione,
451 4312 520 4367 l’lut.
540 4309 658 4378 Lucull,
678 4314 713 4365 38
729 4310 761 4364 de
781 4308 899 4367 divortio.

93 4405 124 4475 ὅ)
144 4403 176 4458 de
195 4402 262 4477 legg.
281 4405 334 4470 xl,
352 4405 383 4470 9,
402 4422 424 4475 p.
437 4404 492 4456 928
510 4403 544 4468 ⁰3
565 4398 597 4455 cl.
617 4418 694 4474 snpra
715 4403 818 4473 pmn,
837 4419 861 4453 n.
883 4403 908 4453 1.
