2842 5018
693 272 733 331 47

115 455 198 522 dona
230 473 313 541 quae
342 463 471 541 propter
504 453 634 540 nuptias
665 453 739 521 data
770 460 863 519 erant
894 454 958 519 iarn
991 457 1126 545 supra1)
1155 476 1193 523 ex
1217 443 1305 524 isaeo

114 574 332 644 demonstravi
357 592 534 658 numquam
559 591 650 658 posse
674 572 759 656 exigi
783 580 839 638 aut
862 572 962 638 adimi
983 577 1114 642 marito.

159 698 196 765 ln
215 694 354 782 epiolero
377 696 483 780 ipsum
508 693 739 778 patrimonium
764 691 847 757 dotis
870 691 977 760 locum
1001 696 1193 782 excipiebat.
1240 700 1306 766 Hoc

114 817 217 902 igitur
247 815 316 880 loco
348 814 437 879 lubet
468 813 632 898 inquirere
664 831 823 898 quaenam
855 814 938 879 ratio
965 815 1186 882 intercesserit
1221 819 1306 886 inter

115 935 216 1003 huius
245 954 320 1021 opes
350 942 383 1000 et
414 934 580 999 maritum.
626 933 736 997 isaeus
750 931 775 1020 ²)
810 931 849 998 de
883 933 1009 1000 Cironis
1032 934 1098 1002 iilia
1120 957 1219 1022 ageris
1242 939 1303 1005 ita:

117 1057 170 1122 »si
200 1055 287 1122 enim
317 1072 388 1119 mea
416 1060 521 1118 mater
551 1071 633 1137 quae
663 1051 788 1116 Cironis
822 1060 871 1117 est
903 1052 967 1119 iiiia
991 1053 1096 1122 adhuc
1121 1068 1305 1144 superesset

115 1183 148 1242 et
178 1176 273 1241 Ciron
305 1173 462 1240 decedens
495 1171 535 1238 do
565 1170 744 1237 hereditate
769 1190 828 1238 sua
852 1172 932 1238 nihii
956 1176 1177 1243 constituisset
1198 1185 1230 1243 et
1253 1178 1305 1245 hic

115 1294 332 1384 (competitor)
359 1314 420 1358 non
445 1301 530 1359 esset
552 1291 678 1358 Cironis
701 1311 718 1356 e
742 1310 851 1358 sorore
874 1313 992 1379 nepos,
1016 1295 1071 1360 sed
1093 1295 1195 1362 irater
1217 1297 1304 1364 diro·

114 1417 184 1494 nis,
207 1415 289 1480 foret
313 1414 442 1500 quidem
467 1433 566 1499 penes
588 1431 663 1478 eum
688 1411 786 1477 tiliam
809 1412 935 1478 Cironis
960 1414 992 1478 in
1016 1417 1223 1483 matrimonio
1248 1417 1304 1483 ha·

113 1535 207 1610 harc;
232 1554 336 1620 neque
360 1542 466 1599 tamen
492 1532 562 1598 ideo
587 1532 742 1598 bonorum
766 1531 890 1597 Cironis
910 1531 991 1599 iuret
1011 1534 1064 1600 ille
1082 1556 1229 1623 compos,
1249 1537 1306 1604 sed

113 1655 207 1723 liberi
240 1676 279 1721 ex
310 1657 380 1741 ipso
410 1662 443 1720 et
475 1654 539 1719 tilia
573 1652 701 1719 (liranis
733 1654 820 1730 nati,
853 1662 1058 1739 posteaquam
1083 1657 1305 1724 secunduma

112 1774 283 1861 pubertate
313 1791 434 1838 annum
459 1773 681 1837 excessissent.
730 1771 783 1837 Sic
808 1773 894 1837 euim
915 1772 1002 1858 leges
1024 1773 1190 1840 edicunt.'’
1239 1779 1305 1844 Lex

113 1895 217 1978 igitur
247 1900 332 1966 erat,
362 1899 407 1954 ut
427 1892 516 1954 nati
541 1909 586 1955 ex
607 1887 799 1974 epiclero
823 1890 977 1955 matris
1000 1893 1305 1976 patrimonium

116 2017 333 2086 tenerent,
358 2026 447 2072 cum
471 2008 538 2071 sui
561 2008 676 2072 iuris
699 2016 844 2079 essent
868 2005 993 2085 iacti,
1023 2012 1235 2097 matrique
1260 2013 1306 2081 de

114 2132 208 2198 suis
239 2129 401 2194 victum
434 2125 745 2215 praeberenti).
803 2127 932 2195 Victum
965 2128 1056 2196 illum
1084 2138 1207 2199 vetares
1230 2152 1305 2198 con-

113 2258 239 2318 stanter
262 2258 345 2317 σῖτον
368 2247 528 2335 appellant
541 2247 578 2336 4).

119 2401 324 2422 m

151 2506 182 2575 1)
202 2506 288 2576 p.39‚
308 2519 334 2556 n.
354 2505 371 2554 4
389 2509 416 2554 et
435 2505 461 2554 5.

150 2597 181 2663 2}
200 2591 233 2646 de
250 2593 300 2646 cir.
320 2589 374 2644 hcr.
391 2593 478 2662 pra,
499 2591 513 2660 d
534 2593 577 2642 31.

151 2684 182 2752 3)
203 2678 319 2755 Apollod.
340 2676 499 2750 [Demosth]
518 2696 539 2730 c.
558 2676 647 2750 steph.
667 2679 715 2744 ΙΙ,Ι
735 2697 757 2749 p.
770 2681 855 2744 1135,
876 2679 890 2747 d
912 2681 960 2732 20:
982 2677 1082 2728 οὐκοῦν
1110 2677 1124 2725 ὁ
1148 2676 1198 2740 μὶν
1224 2677 1305 2740 νόμος

114 2769 223 2821 κελεύει
240 2768 306 2825 τούς
321 2767 428 2823 παῖδας
445 2765 607 2831 ἡβήσαντας
621 2765 729 2832 κυρίους
749 2769 798 2830 τῆς
813 2767 916 2834 μητρὸς
934 2758 1023 2834 εἶναι,
1041 2768 1089 2816 τὸν
1108 2764 1140 2815 dl
1157 2772 1234 2818 σῖτον
1251 2785 1304 2829 με·

114 2859 194 2922 τρεῖν
217 2854 254 2917 τῇ
276 2850 369 2918 μητρί.
417 2849 493 2903 Brevi
512 2857 589 2902 autea
609 2848 669 2902 haec
687 2848 724 2901 ita
744 2849 772 2901 in
793 2848 855 2920 legia
874 2847 1015 2903 formulam
1035 2850 1139 2904 redacta
1158 2850 1302 2922 leguntur:

114 2943 160 2993 ἐὰν
184 2941 211 2998 ἐξ
234 2938 381 3006 ἐπικλήρου
404 2954 447 2995 τις
466 2930 587 3001 ’γένηται
606 2935 653 2984 καὶ
669 2936 727 2997 ἅμα
745 2937 836 3001 ήβήσρ
855 2936 901 2985 ἐπὶ
921 2935 1012 2994 ducale
1031 2944 1144 3004 κρατεῖν
1162 2937 1216 2986 τῶν
1232 2955 1302 3006 χρή-

112 3025 219 3092 μάταν,
242 3024 291 3071 τὸν
313 3019 346 3070 dl
370 3024 447 3070 σῖτον
463 3024 577 3087 μετρεῖν
597 3021 632 3082 τῇ
645 3020 738 3086 μητρί,
777 3023 829 3071 Hac
847 3017 1043 3091 opportunitate
1064 3029 1123 3072 utar
1141 3019 1174 3073 ad
1189 3019 1303 3074 liberau-

113 3113 179 3168 (lurn
203 3117 305 3166 laneum
326 3107 476 3182 turpissimo
492 3105 662 3161 emblemate:
681 3107 707 3158 in
725 3125 760 3159 or.
778 3105 810 3158 de
828 3105 906 3158 Arist.
928 3105 980 3159 her.
1000 3125 1023 3179 p.
1035 3109 1083 3168 80,
1105 3109 1119 3176 ρ
1138 3111 1174 3161 12
1192 3108 1302 3162 eandem

112 3222 168 3259 rem
185 3210 301 3254 tractans
315 3197 380 3252 dicit
396 3195 563 3256 θαυμαστὸν
579 3196 631 3264 γὰρ
649 3195 682 3244 ἂν
700 3185 749 3261 ἦν,
775 3195 802 3244 ελ
819 3196 870 3260 τὴν
884 3194 950 3259 ἐμὴν
962 3195 1070 3264 μητέρα
1084 3194 1179 3262 ἔχοντι
1193 3196 1303 3247 Ἀπολ·

114 3289 225 3356 λοδώρῳ
248 3289 267 3354 ή
291 3284 483 3355 Ἀριστομένει
502 3284 551 3334 οὐκ
569 3284 602 3332 ἂν
623 3276 680 3332 οἷόν
699 3284 726 3331 τ’
743 3270 777 3347 ἦν
793 3282 847 3331 τῶν
863 3283 968 3348 ἐκείνης
984 3285 1067 3353 κυρίῳ
1079 3285 1214 3349 γενέσθαι
1231 3288 1303 3336 κατὰ

112 3373 163 3424 τὸν
173 3373 269 3437 νόμον,
287 3369 313 3426 ὃς
330 3369 379 3419 οὐκ
397 3368 427 3436 ἐᾷ
445 3367 499 3417 τῶν
513 3371 562 3432 τῆς
579 3365 725 3433 ἐπικλήρου
742 3365 835 3432 κύριον
857 3355 930 3415 εἶναι
948 3365 1008 3414 ἀλλ’
1025 3368 1042 3432 ἢ
1061 3367 1125 3425 τοὺς
1140 3369 1246 3424 παῖδας
1254 3369 1302 3418 ἐστὶ

113 3453 207 3512 ducale
228 3453 389 3518 ἡβήσαντας
416 3457 561 3518 κροτεῖν
587 3449 654 3498 τῶν
672 3448 869 3515 χρημάτων.
906 3450 971 3520 Quis
992 3451 1107 3504 monitus
1128 3460 1184 3524 post
1203 3450 1301 3514 stud

111 3544 230 3621 patietur
244 3540 368 3595 uocabula
389 3545 502 3608 κρατεῖν
519 3537 574 3587 τῶν
592 3537 753 3604 χρημάτων,
772 3555 839 3610 quae
859 3539 941 3610 primo
959 3538 1050 3594 addito
1066 3539 1098 3594 ad
1119 3528 1302 3606 adornatione

111 3613 293 3707 explicandum
314 3648 371 3682 mox
392 3628 418 3680 in
438 3628 520 3700 ipsam
540 3626 681 3679 orationem
703 3625 870 3696 migrarunt?
909 3627 1001 3680 Suidas
1020 3647 1043 3682 v.
1064 3628 1221 3693 ήβήοαντες
1236 3626 1302 3681 lsaei

111 3722 291 3794 fragmentum
303 3717 426 3784 servavit,
446 3735 525 3790 quam
543 3715 651 3788 glossam
668 3713 704 3766 sic
721 3713 804 3784 legas:
824 3715 929 3773 Ἰσαῖός
946 3729 1025 3781 φησιν
1042 3716 1075 3765 ἓν
1100 3733 1115 3760 κ
1133 3733 1148 3760 ε
1167 3733 1182 3760 a
1199 3715 1302 3778 ήγοή.

112 3812 207 3872 μεθα
223 3805 272 3869 μὲν
292 3806 382 3871 ἐκείνῃ
400 3804 449 3852 τὸν
466 3803 606 3866 ἐγγυτάτω
624 3800 718 3865 γένους
736 3801 798 3850 δεῖν
819 3809 968 3868 συνοικεῖν,
986 3805 1021 3850 τὰ
1041 3801 1072 3852 δὲ
1090 3804 1221 3869 χρήματα
1238 3800 1304 3858 clarc

109 3896 162 3954 μὲν
186 3894 234 3956 τῆς
261 3885 407 3953 ἐπικλήρου
431 3876 517 3950 εἶναι,
535 3884 650 3933 ἐπειδὰν
677 3880 708 3931 δὲ
723 3884 826 3939 παῖδες
843 3883 889 3932 ἐπὶ
915 3881 1006 3940 doceis
1023 3885 1213 3948 ήβήσιισιν,
1229 3882 1302 3930 ἐκεῖ.

109 3990 175 4031 κους
198 3971 291 4023 αὐτῶν
319 3975 432 4036 κρατεῖν
458 3987 504 4040 pro
520 3965 625 4022 Ἰσαῖός
649 3980 730 4030 φησιν
755 3964 917 4031 λνηγᾶμεθα
940 3964 990 4026 μὲν
1016 3966 1108 4031 ἐκείνῃ
1132 3964 1203 4032 κτλ,
1232 3966 1303 4040 quod

110 4070 261 4115 monstrum
286 4055 446 4122 ἐνηγὸμεθα
473 4074 556 4129 aequo
574 4054 675 4107 diutius
694 4063 860 4108 serraverunt
880 4053 999 4108 editores.
1035 4061 1066 4110 ln
1086 4066 1200 4111 extrema
1220 4060 1302 4134 glossa

109 4148 169 4204 dadi
189 4149 327 4213 ἡβήσιισιν
346 4163 390 4218 pro
410 4143 521 4207 ἡβῶσιν,
560 4141 654 4195 Eadem
675 4141 728 4195 fera
749 4143 887 4216 Hyperides
910 4145 938 4196 in
956 4163 991 4197 or.
1011 4144 1069 4198 adv.
1084 4144 1220 4200 Charetem
1231 4148 1301 4201 alixe-

111 4247 154 4292 rat
175 4246 205 4290 ut
224 4255 253 4288 cx
274 4234 474 4304 Harpocratioue
494 4251 516 4284 v.
535 4230 582 4279 tat
601 4227 692 4285 auctir
710 4230 813 4294 ἡβῆσαι
831 4231 962 4286 discimus.

148 4329 178 4396 λ)
199 4322 315 4396 Apollod.
336 4321 374 4375 l.l.
393 4320 481 4375 Σῖτος
498 4320 561 4393 quid
580 4317 660 4372 sitin
680 4317 745 4370 iuris
764 4318 838 4371 attici
857 4337 974 4375 sermone
993 4321 1086 4376 Pollux
1105 4327 1183 4392 Vlll,
1203 4330 1238 4380 33
1258 4345 1301 4379 ox·

108 4413 219 4488 plicuit,
248 4411 302 4465 scil.
334 4411 363 4459 αἱ
381 4408 555 4472 ὀφειλόμεναι
572 4410 682 4476 τροφαί.
720 4406 812 4462 Suidas
836 4407 942 4464 Photius
976 4412 1161 4485 Harpocration
1180 4432 1206 4491 v?
1226 4417 1300 4470 σῖτος
