2842 5018
658 276 699 336 97

127 459 224 528 Cum
245 468 340 528 orta
360 467 475 528 osset
494 461 791 528 controversia
813 478 907 527 uum
928 461 1090 548 adoptio
1109 461 1154 527 oh
1174 460 1278 527 omni

76 590 200 667 parte
219 581 390 666 legibus
409 581 678 658 conveniret,
695 579 922 668 phrateras
942 580 1276 666 demarchosque

75 699 1274 789 iudioiariamsententiamexspectarelexiussissevi·

76 819 202 888 detur
225 824 474 910 priusquam
498 821 694 909 adoptati
717 842 866 888 nomen
887 841 961 888 sno
980 820 1275 890 inscriberent

77 941 187 1022 albo,
221 943 306 1029 quod
336 943 452 1010 eonlioi
476 951 581 1030 potest
604 963 644 1009 ex
667 944 708 1008 iis
733 961 816 1028 quae
839 949 947 1009 orator
972 943 1005 1007 in
1024 940 1082 1008 tali
1105 940 1274 1009 oausa'di-

76 1063 175 1152 oit1).
222 1064 410 1131 Leostratus
429 1064 713 1131 vehementissime
732 1063 883 1150 cupiebat
901 1062 1035 1129 inscribi
1054 1082 1089 1130 se
1105 1070 1272 1149 tamquam

75 1182 179 1250 filium
211 1183 398 1271 adoptatum
422 1184 615 1260 hrohiadae;
641 1182 739 1249 huius
762 1203 838 1249 vero
861 1181 995 1250 heredes
1016 1181 1273 1250 adversabantur

74 1312 108 1371 et
133 1303 337 1391 postulabant
364 1314 401 1371 ut
423 1304 556 1371 demum
580 1311 653 1390 post
676 1301 795 1370 lautam
818 1302 859 1370 tle
882 1301 1061 1370 hereditate
1084 1301 1272 1389 disceptati-

78 1445 171 1491 onem
195 1424 342 1493 demutas
366 1424 522 1511 suffragia
544 1423 687 1504 ferrent,
707 1443 770 1490 nou
790 1432 899 1490 autem
920 1425 1028 1510 prius3
1047 1423 1194 1491 demotos
1212 1421 1272 1491 liae

72 1547 108 1610 in
141 1565 176 1612 re
207 1554 387 1632 paruerunt
418 1566 482 1611 uon
513 1550 655 1632 propter
674 1554 776 1612 semet
805 1546 911 1630 ipsos,
937 1544 992 1611 sad
1015 1551 1197 1631 propter
1219 1541 1272 1610 le·

72 1685 287 1751 gemmam
322 1688 400 1733 non
437 1667 656 1735 serendum
688 1686 781 1733 esse
811 1665 1042 1733 ridebatur
1070 1684 1160 1732 eum
1197 1664 1270 1750 qui

71 1794 340 1852 sacramento
371 1787 568 1874 deposito
603 1787 641 1851 in
678 1785 959 1851 hereditatem
994 1791 1142 1868 ageret
1174 1801 1271 1851 sese

74 1901 277 1988 adoptare
299 1924 343 1970 re
365 1905 544 1971 nondum
567 1903 832 1970 diiudicata.

120 2019 355 2106 Adoptione
379 2026 518 2089 omnia
541 2025 635 2090 iura
658 2023 902 2110 agnationis
927 2020 1117 2108 adoptati
1140 2022 1180 2088 in
1204 2041 1269 2108 pa·

10 2151 15 2164 '
75 2142 157 2207 tris
189 2143 404 2210 naturalis
432 2152 611 2230 agnatos
636 2151 833 2231 pereunt,
857 2142 942 2230 quod
965 2143 1093 2229 saepius
1117 2141 1157 2208 ab
1180 2142 1270 2210 lsueo

72 2271 364 2342 commemoratur,
390 2263 533 2330 velutin
557 2272 640 2332 orat.
664 2264 703 2331 do
726 2263 887 2354 Astyphili
911 2263 1089 2331 hereditate
1103 2261 1145 2350 ²):
1171 2264 1269 2350 llsty·

71 2385 151 2472 phili
182 2383 311 2467 ἀνεψιός
342 2392 413 2450 erat
444 2385 556 2460 Cleon;
586 2385 685 2452 huius
714 2402 790 2452 veru
822 2392 915 2471 pater·
946 2385 980 2449 in
1011 2383 1108 2450 aliam
1135 2382 1268 2450 domum

73 2504 245 2592 adoptatus
268 2512 355 2583 erat,
382 2506 415 2570 in
439 2525 503 2591 qua
527 2504 621 2572 domo
643 2505 693 2571 vol
717 2505 775 2571 lilii
798 2505 923 2572 Cleonis
945 2510 1185 2582 remanserant,
1204 2519 1268 2588 qua

71 2625 111 2692 de
138 2611 237 2691 eausa
266 2624 474 2712 Astyphilum
502 2644 565 2690 nou
591 2626 783 2710 contingunt
807 2625 838 2690 vi
862 2624 941 2709 legis
964 2642 1033 2689 eos
1056 2641 1074 2689 a
1097 2642 1268 2691 consau-

71 2747 285 2831 guinitate
310 2745 592 2813 excludentis.
640 2737 728 2811 Idem
753 2744 786 2810 ln
811 2744 923 2811 'eado'm
946 2744 1089 2810 oratione
1103 2745 1128 2831 ³)
1151 2762 1266 2812 »nemu

71 2865 134 2933 luit
154 2867 352 2952 umquam,’'
373 2866 495 2951 iuquit,
517 2865 594 2950 »qui
614 2863 710 2930 aliam
731 2864 764 2930 in
786 2863 918 2929 domum
938 2863 1108 2948 adoptatus
1126 2882 1201 2930 oum
1219 2882 1267 2929 es·

10 3061 12 3064 y
70 2994 138 3064 set,
169 2986 380 3053 hereditatem
413 2985 501 3051 illius
530 2985 645 3051 domus
676 2983 780 3050 adiret
811 2982 897 3049 uude
920 2984 1143 3069 emancipatus
1166 2989 1265 3057 esset,

71 3108 134 3172 uisi
166 3115 334 3194 postquam
372 3125 409 3171 ex
432 3103 571 3170 formula
595 3105 677 3170 iuris
701 3105 734 3169 iu
759 3102 1055 3190 priorem‘domum
1081 3101 1265 3169 rediisset.”

67 3225 189 3293 Eadem
221 3245 348 3312 quoque
378 3224 441 3291 alio
473 3225 542 3290 looo
562 3223 783 3311 levaturi),
818 3221 903 3289 unde
935 3230 1101 3309 praeterea
1132 3230 1265 3308 apparet

65 3346 273 3432 adoptato
294 3344 459 3411 nullum
484 3346 525 3410 in
550 3344 654 3411 hona
675 3344 812 3431 patris
836 3343 1055 3410 naturalis
1078 3343 1145 3409 ius
1167 3362 1266 3417 essm

68 3467 256 3534 Aristarcho
287 3467 375 3532 enim
402 3465 466 3531 duo
492 3464 550 3530 filii
576 3466 645 3531 nati
669 3485 738 3531 esse
763 3463 919 3530 dicuutur
941 3463 1141 3548 totidemque
1165 3461 1264 3534 filiae;

67 3585 151 3652 alter
181 3585 296 3653 horum
331 3585 507 3675 Cyronides
540 3585 712 3672 adoptatur
743 3586 777 3649 in
808 3583 944 3650 aiteram
975 3580 1123 3658 domum,
1147 3581 1265 3666 reliqui

41 3739 43 3742 ·
67 3716 145 3773 suut
165 3708 268 3794 igitur
290 3707 371 3784 alter
397 3705 481 3772 filius
500 3704 714 3771 Demochares
733 3713 764 3770 et
788 3703 870 3768 filiae
889 3703 986 3781 duae,
1007 3719 1145 3787 quarum
1163 3702 1264 3767 altera

73 3897 288 3912 —n————··

65 4023 109 4068 tre
124 4012 264 4081 dicuntur:
285 4010 347 4071 ἐμοὶ
371 4009 423 4076 γὰρ
446 4005 539 4056 οὐκέτι
563 3999 620 4057 οἶόν
637 4009 662 4054 τ’
683 3995 718 4070 ἦν
735 4002 817 4072 κυρίῳ
834 4002 1040 4071 ἐπιγεγράφθαι
1057 4001 1266 4071 εἰσπεποιηκότι

68 4102 119 4152 τὸν
138 4100 232 4151 παῖδα
251 4101 292 4157 εἰς
308 4100 356 4150 τὸν
374 4089 448 4149 οἷκον
464 4097 513 4147 τὸν
533 4095 723 4156 Εὐβουλίδου.
1209 4160 1211 4163 Ι

108 4188 139 4256 l)
158 4183 318 4256 [Demosth]
341 4181 398 4237 adv.
416 4180 504 4236 Leoch.
525 4201 549 4254 p.
560 4181 650 4248 1092,
673 4181 688 4250 §
710 4182 745 4234 37
764 4196 836 4252 sqq.;
856 4175 913 4232 uide
929 4175 946 4230 i.
967 4196 992 4251 p.
1008 4177 1023 4246 h
1039 4179 1081 4234 40.

107 4278 139 4344 o)
159 4293 183 4347 p.
196 4277 246 4342 ru,
266 4275 281 4343 t
301 4275 327 4327 a.

108 4368 138 4432 a)
160 4362 300 4436 1.l.p.ra‚
320 4364 335 4432 u
356 4366 399 4416 33.

109 4456 139 4523 l)
160 4456 193 4509 ls.
213 4451 244 4506 tle
266 4452 343 4508 Arist.
366 4451 418 4506 her.
440 4469 464 4524 p.
478 4452 526 4518 79,
545 4450 559 4518 i
581 4452 605 4502 4.
