2842 5018
687 252 749 314 154

168 435 228 516 Qui
262 440 384 500 tautam
417 452 550 502 suarum
579 433 774 500 familiarum
810 451 920 499 curam
952 431 1107 518 gerebant
1134 449 1198 498 nou
1223 431 1324 500 iaeilc

118 556 172 623 usi
202 554 301 622 luisse
331 552 483 620 videntur
512 555 584 620 iure
606 552 664 618 tilii
687 551 877 632 abdicandi3
904 553 959 638 qrri
984 551 1166 637 deniquae
1190 551 1319 637 legibus

119 674 202 742 tilios
225 681 358 741 eatenus
382 671 509 740 filiabus
533 672 688 759 praeferri
711 671 879 749 videbant,
905 679 941 738 ut
961 670 1012 738 lais
1032 680 1163 739 tantum
1182 671 1244 742 dos
1263 671 1318 739 da·

118 801 231 871 retur,
263 813 338 860 oum
368 793 414 858 illi
437 794 471 859 in
496 811 607 860 omnes
629 793 732 880 patris
756 792 925 861 facultates
946 793 1173 871 succederent,
1200 791 1317 860 torum

117 916 245 984 animos
267 913 453 1000 adversatos
476 912 574 980 luisse
599 921 676 1000 puto
699 913 857 981 eiusmodi
878 915 1039 988 instituto:
1059 933 1160 1001 qnam
1180 913 1224 979 ob
1243 933 1320 981 cao-

118 1054 189 1104 sam
225 1054 266 1100 oe
300 1036 459 1102 miremur
489 1033 614 1101 nullum
649 1033 861 1102 abdicationis
887 1034 1071 1122 exemplum
1099 1051 1280 1102 occurrere
1293 1033 1318 1119 ¹)

117 1173 223 1240 oeque
246 1155 529 1241 emancipationis,
560 1172 644 1239 quae
668 1154 869 1222 exstiteritue
893 1154 978 1240 apud
1002 1153 1220 1222 Athenienses
1245 1172 1319 1222 nec·

119 1293 159 1339 ue
183 1293 223 1340 ne
247 1273 406 1339 coniicere
429 1272 559 1359 quidem
584 1293 768 1360 possumus,

164 1393 205 1459 Ut
227 1401 331 1460 totum
356 1392 415 1459 hoc
440 1393 628 1460 institutum
651 1392 718 1460 lere
740 1394 886 1478 ignotum
910 1402 977 1471 est,
1007 1394 1053 1462 sie
1077 1412 1210 1480 quoque
1234 1393 1317 1460 nihil

117 1512 219 1598 liquet
249 1511 290 1579 de
321 1511 501 1580 actionibus
531 1532 616 1598 quae
645 1511 721 1580 iude
744 1513 833 1579 nasci
855 1513 1036 1599 potuerint:
1058 1513 1148 1578 omui
1173 1513 1320 1586 necessi·

117 1632 241 1699 tudinis
273 1631 401 1698 viuculo
432 1630 580 1699 diffracto
608 1633 715 1699 omnia
739 1631 844 1700 officia
865 1639 899 1699 et
923 1633 995 1699 iura
1018 1641 1192 1718 parentum
1216 1640 1250 1702 et
1273 1631 1318 1701 li·

116 1749 266 1819 berorum
288 1752 376 1818 iuter
398 1771 468 1820 sese
490 1751 597 1818 ualere
618 1751 753 1819 desiisse
777 1760 923 1839 apparat.

119 1903 122 1937 ;
157 1871 239 1938 ilum
264 1870 467 1939 abdicatione
489 1871 692 1958 aliquatenus
715 1873 895 1959 comparari
917 1878 1022 1960 potest
1041 1872 1093 1938 ius
1113 1870 1316 1940 revocandae

115 1992 314 2080 adoptionis,
336 1991 462 2078 dequo
487 2009 586 2078 supra
609 1993 672 2058 iam
697 1991 873 2078 egimus2).

161 2110 251 2192 Quod
283 2109 323 2176 ad
355 2112 426 2177 iura
451 2119 621 2197 parentum
646 2112 680 2178 iu
702 2111 877 2178 liberorum
899 2110 983 2180 lroua
1008 2110 1090 2177 nihil
1114 2130 1173 2181 nos
1191 2110 1318 2184 ‚docem

114 2238 259 2309 ueteres,
295 2237 520 2317 praeterquam
554 2230 629 2297 filiis
663 2231 720 2317 qui
755 2231 806 2297 sui
840 2231 923 2298 ioris
957 2230 1100 2300 noudum
1134 2240 1230 2301 erant
1260 2252 1322 2319 per

114 2357 344 2418 tastamentum
364 2369 428 2416 non
448 2349 576 2417 licitum
595 2350 696 2418 luisse
716 2349 865 2418 heredem
883 2350 1044 2428 scrihere,
1056 2353 1210 2439 quamvis
1221 2363 1318 2440 pater

113 2477 263 2538 mortuus
281 2476 383 2545 esset;
403 2468 481 2537 huic
500 2469 625 2538 seilicet
646 2471 696 2536 ios
715 2478 785 2538 erat
804 2469 932 2538 heredis
951 2470 1130 2552 scribendi,
1150 2473 1316 2558 quodra-

112 2597 184 2657 tom
207 2596 292 2667 erat,
312 2589 342 2658 si
361 2588 448 2659 filius
472 2589 661 2677 priusquam
681 2591 715 2656 in
735 2609 826 2659 suam
847 2593 1045 2678 peruenisset
1063 2591 1203 2662 tutelam
1225 2593 1311 2664 diem

113 2727 303 2797 supremum
332 2709 464 2776 obiisset
478 2711 518 2795 ³).

113 2859 119 2900 2
156 2829 343 2916 lienique
366 2829 481 2916 patri
505 2830 573 2896 ius
596 2837 688 2897 erat
711 2835 881 2899 tutores
901 2829 1057 2900 liberis
1078 2835 1171 2903 suis
1192 2836 1313 2905 nomi·

111 2947 257 3030 nandi,
289 2949 326 3018 si
358 2958 602 3017 moreretur
631 2957 853 3037 antequam
885 2949 927 3016 hi
957 2953 1026 3018 sui
1056 2953 1175 3019 iuris
1200 2953 1312 3023 tacti

111 3077 276 3148 essent,
309 3076 347 3136 et
380 3068 498 3137 lilios
527 3077 601 3136 aut
629 3070 747 3135 iuter
772 3071 882 3135 vivos
902 3078 968 3136 aut
987 3089 1058 3157 per
1077 3079 1310 3142 testamen·

110 3194 192 3254 tum
216 3186 530 3274 despondendi;
550 3188 667 3256 harum
687 3207 762 3256 vero
785 3208 894 3256 rerum
918 3188 1063 3276 exempla
1081 3189 1201 3259 afferre
1221 3210 1312 3263 nunc

111 3305 321 3393 supersedeo,
343 3326 418 3374 cum
438 3306 495 3374 illa
510 3307 631 3376 tutelae
643 3308 831 3375 institutum
845 3315 979 3394 spectet,
993 3307 1032 3376 de
1043 3328 1108 3395 quo
1119 3328 1211 3381 nuuc
1228 3312 1308 3380 milri

108 3445 175 3494 omn
198 3425 360 3514 agendum
383 3436 446 3507 est,
479 3426 557 3495 haec
580 3447 657 3496 uero
679 3428 830 3514 nuptias,
858 3425 1039 3514 dequibus
1063 3429 1128 3497 iam
1152 3429 1218 3498 alio
1240 3431 1313 3501 loco

110 3545 179 3614 dixi
191 3546 228 3635 ⁴).

113 3714 115 3719 -
154 3667 201 3735 lle
222 3667 407 3736 actionibus
429 3687 513 3756 quae
535 3687 575 3735 ax
600 3666 705 3755 patria
728 3648 885 3752 potestate
904 3666 1062 3752 originem
1085 3665 1213 3737 ducunt
1233 3687 1312 3757 pau·

146 3963 176 4032 1)
195 3964 265 4014 Gaas
281 3958 415 4030 (arbreoht
433 3964 461 4026 l,
481 3980 504 4033 p.
516 3961 595 4029 323):
612 3957 709 4013 ndahin
730 3957 821 4032 gehiirt
839 3957 883 4013 das
902 3958 976 4014 recht
992 3962 1036 4016 dea
1051 3971 1207 4018 vcratosseos
1221 3962 1308 4035 (dm-

110 4049 229 4120 κᾲρνξκ)
257 4065 305 4103 auo
329 4047 390 4101 dem
410 4047 490 4104 honac
507 4046 615 4103 welches
633 4046 687 4102 olm
707 4046 736 4100 in
755 4046 839 4103 rielcn
858 4049 1007 4123 mugnissen
1027 4048 1138 4107 findor.”
1177 4036 1326 4109 Tatimo'

108 4138 153 4192 nia
172 4155 231 4192 vero
250 4135 315 4190 bene
334 4135 519 4210 distinguenda
537 4144 600 4191 sont
619 4134 651 4192 ab
671 4134 802 4210 exemplis.

147 4227 178 4296 2)
197 4244 222 4298 p.
233 4226 282 4288 98,
303 4242 330 4277 n.
347 4228 371 4277 1.

146 4316 177 4384 3)
195 4312 228 4368 cf.
248 4315 333 4385 pto,
354 4333 380 4368 n.
401 4318 425 4367 1.

147 4403 177 4473 t)
197 4399 242 4456 lib.
262 4405 288 4471 1,
309 4415 335 4471 1,
355 4405 380 4454 2.
