2842 5018
735 263 773 322 rs

166 456 291 525 cantes,
326 466 363 512 ex
399 444 622 531 Aristophanis
658 444 770 531 Vespis
801 445 941 512 indicens
976 445 1208 513 Philoclconem
1234 446 1357 526 citabo,

148 543 218 654 ⁵qm
244 567 489 633 Atheniensium
512 563 832 660 mores-illustret1):

172 756 175 760 ,
223 689 281 755 κᾶν
297 689 498 763 οὶνιοήνήσκοιν
522 688 536 751 o‘
560 687 663 767 σοοσήο
686 711 728 767 σῳ
753 687 791 768 δῷ
816 689 998 753 serenetur
1021 687 1114 753 παῖδ’
1138 687 1300 768 ἐπίκληρον

221 808 328 876 κλάειν
352 809 441 888 ἡμεῖς
464 807 573 889 μοικοόι
596 808 652 882 τήν
675 808 818 889 κεφαλήν
841 807 976 880 εἰπόντες
1000 818 1039 890 σή
1064 807 1190 891 diotrico

221 931 274 995 nni
298 940 336 1012 σή
360 929 467 1012 κόνχή
488 939 527 1012 σή
551 926 633 994 acino
657 934 774 1006 σεμνῶς
797 935 862 1001 σοῖς
885 928 1052 1006 σημείωσιν
1075 928 1189 1012 ἒνιούσή

221 1049 326 1129 ἔδομεν
347 1050 464 1125 cateno
486 1047 569 1121 ὅστις
593 1046 632 1112 ἂν
656 1051 741 1126 ήμοῖς
764 1049 976 1126 ἀντιβολήσας
999 1050 1165 1132 ἀνοισείσή.

210 1170 307 1236 Poeta
339 1179 373 1236 et
403 1177 510 1235 orator
540 1166 714 1234 admodum
740 1167 859 1232 similia
883 1177 1027 1234 narrant.
1073 1169 1109 1234 In
1134 1168 1242 1235 fabula
1266 1172 1354 1236 enim

165 1310 283 1376 genere
315 1290 479 1375 proximus
514 1289 546 1352 in
582 1289 653 1354 iure
689 1296 797 1372 petere
826 1287 948 1354 dieitur
973 1298 1009 1353 ut
1032 1288 1192 1374 epiolerus
1216 1290 1276 1356 sibi
1301 1290 1359 1368 ad·

166 1409 343 1484 iudicetur,
368 1407 422 1474 scd
447 1407 585 1486 iudices,
611 1427 708 1494 penes
733 1427 812 1492 quos
835 1417 885 1473 est
910 1406 1053 1474 iudicare
1077 1409 1161 1474 sitne
1180 1416 1359 1475 testamen-

163 1538 235 1596 tum
271 1537 378 1594 ratum
416 1547 534 1605 necne,
559 1526 591 1591 id
614 1546 677 1592 nou
707 1535 838 1604 corant,
862 1535 895 1594 et
918 1527 1125 1594 adiudicatnr
1147 1548 1186 1593 ex
1211 1530 1356 1614 ipsorum

165 1649 310 1715 iudicum
344 1649 502 1715 sententia
534 1645 601 1713 filia
632 1648 662 1713 ei
692 1667 732 1712 ex
758 1648 912 1733 proximis
933 1668 1050 1732 genere
1074 1646 1156 1723 ὅστις
1179 1648 1219 1714 ἄν
1243 1650 1356 1723 αὐτοὺς

164 1771 376 1850 ἀντιβολήσεις
407 1768 571 1850 οὶνοισείσή.
618 1768 656 1832 In
685 1768 829 1833 oratione
853 1776 962 1833 autem
985 1769 1144 1854 epiclerus
1166 1769 1279 1836 fraude
1302 1769 1356 1837 ho·

164 1892 215 1957 nis
239 1891 307 1956 suis
331 1890 471 1956 eiicitur.
521 1887 573 1954 Sic
594 1887 742 1954 voluntas
763 1889 864 1973 patris
884 1888 978 1954 nihiii
997 1889 1149 1967 hahetur,
1170 1911 1229 1956 nec
1248 1898 1356 1976 spreta

165 2010 371 2077 uindicihus
395 2010 520 2075 iustitia
541 2009 716 2094 quidquam
738 2008 867 2094 prodest
886 2008 970 2094 quod
992 2008 1088 2076 filiam
1108 2031 1166 2096 per
1186 2019 1359 2077 testamen·

165 2139 234 2196 turn
266 2149 340 2194 oum
374 2127 488 2214 opibus
516 2127 722 2213 desponderit
745 2135 890 2214 pateret
912 2127 1015 2195 futuri
1038 2131 1163 2216 nepotis
1185 2129 1357 2216 adoptione

164 2250 286 2316 caverit
318 2268 358 2313 ne
387 2267 506 2333 genere
533 2248 700 2333 proximus
724 2246 823 2313 filiam
848 2247 909 2314 sihi
933 2256 1045 2334 petens
1070 2228 1167 2316 huius
1191 2252 1358 2316 matrimo-

164 2372 258 2436 nium
281 2368 382 2434 soleat
395 2369 439 2460 ²).=

209 2491 289 2556 Corn
325 2496 418 2576 pater
453 2491 484 2554 in
517 2495 711 2555 testamento
744 2487 894 2556 heredem
929 2510 991 2556 non
1023 2492 1207 2578 scripsisset
1239 2511 1359 2577 genere

165 2614 310 2698 proximo
334 2611 399 2675 ius
424 2618 516 2676 erat
541 2608 623 2675 tiliae
648 2608 861 2676 hereditariae
880 2611 1049 2696 petendae;
1069 2598 1156 2698 leges
1176 2632 1251 2679 vero
1269 2611 1357 2678 huno

166 2751 228 2799 non
259 2729 470 2815 cogebant
505 2729 536 2794 id
568 2728 692 2807 iacere,
724 2739 760 2795 nt
792 2729 947 2796 discimus
978 2752 1017 2797 ex
1042 2731 1109 2797 loco
1132 2733 1232 2811 Isaei,
1258 2751 1357 2817 quem

166 2851 313 2937 proxime
337 2848 476 2916 luridati.
524 2847 606 2927 outo
632 2849 718 2913 enim
742 2869 823 2935 opus
843 2849 957 2917 fuisset
976 2851 1121 2918 ordinem
1141 2851 1275 2929 addere,
1293 2872 1359 2938 quo

165 2970 303 3056 proximi
333 2986 450 3053 genero
482 2987 551 3033 sese
583 2969 654 3033 iure
686 2978 899 3054 sequerentur
927 2972 959 3035 in
984 2971 1140 3058 petendo,
1165 2974 1228 3037 nisi
1252 2972 1359 3057 primo

165 3100 303 3174 negante
335 3087 476 3155 seeundo
508 3086 591 3153 idem
616 3089 668 3154 ius
691 3098 791 3168 esset,
812 3111 909 3176 quem
935 3110 1009 3157 mox
1033 3094 1150 3158 tertius
1172 3093 1357 3179 exciperet?

165 3209 253 3275 Idem
286 3209 347 3273 aiio
377 3207 523 3272 eiusdem
557 3209 693 3274 oratoris
724 3209 793 3275 loco
825 3211 1028 3299 probaturi).
1075 3212 1144 3277 Non
1176 3213 1263 3278 enirn
1289 3221 1357 3279 tarn

165 3331 282 3398 leniter
305 3336 413 3393 orator
437 3348 503 3393 rem
529 3328 647 3412 egisset
667 3349 791 3415 neque,
817 3330 917 3396 silex
940 3332 1175 3397 Aristomenem
1197 3333 1357 3416 cotgisset

166 3449 277 3514 fratris
308 3449 359 3513 sui
392 3446 489 3512 tiham
521 3446 653 3524 ducere,
684 3448 736 3514 his
767 3469 846 3515 usus
875 3450 991 3515 fuisset
1019 3448 1197 3516 vocabulis:
1232 3460 1359 3520 »mater

165 3590 237 3660 urea
257 3575 348 3654 patre
372 3567 559 3638 Aristarcho
578 3578 610 3635 et
631 3577 723 3656 putre
742 3569 939 3636 Demochare
958 3572 1096 3637 mortuis
1115 3571 1208 3637 heres
1228 3592 1267 3638 ex
1285 3593 1358 3640 asse

167 3691 252 3756 fucta
284 3697 333 3755 est
365 3687 519 3754 bonorum
551 3698 776 3775 paternornm;
800 3690 1019 3756 Aristomenes
1041 3698 1150 3756 autern
1175 3691 1357 3757 Aristarchi

168 3809 267 3877 irater
291 3827 370 3873 non
394 3827 550 3874 curans
569 3828 654 3875 eam
680 3817 751 3874 eut
776 3808 858 3874 sibi
878 3810 960 3895 ipsi
982 3829 1053 3896 per
1073 3809 1355 3897 epidicasianr

167 3938 312 4017 petere
341 3936 411 3995 aut
431 3928 526 3995 titio
550 3949 625 3995 sno
653 3930 738 4015 patri
774 3948 844 3996 meo
867 3950 937 3998 eam
962 3931 1169 4018 despondit;’'
1193 3932 1264 4009 sed,
1289 3933 1357 4018 opi-

167 4127 360 4140 m.—

202 4265 231 4332 1)
251 4279 285 4316 us.
306 4264 360 4314 583
380 4277 433 4332 sqq.

201 4355 281 4421 2)1s.
302 4350 333 4402 de
354 4346 445 4422 Pyrrhi
466 4345 519 4398 her.
541 4365 563 4418 p.
575 4350 625 4413 45,
647 4349 661 4415 h
683 4351 716 4400 73
737 4366 792 4422 sqq.

201 4442 231 4510 3)
250 4439 282 4493 dc
302 4437 380 4492 Arist.
401 4437 454 4491 her.
475 4455 500 4510 p.
513 4439 563 4506 80,
585 4438 598 4504 h
619 4440 645 4488 5.
