2842 5018
732 251 774 312 50

158 447 257 518 anno,
278 456 342 524 quo
366 435 505 504 Pericles
526 433 629 520 legem
655 433 744 507 tulit;
768 433 824 499 sed
846 441 915 499 tute
937 439 1068 499 strenuo
1088 432 1183 498 militi
1205 440 1344 501 aetatem

158 528 322 646 aliquanto
354 557 457 642 magis
493 554 619 622 vitilem
648 553 791 620 tribuere
821 573 1010 640 possumus,
1050 573 1113 640 quo
1146 553 1183 619 fit
1220 562 1255 620 ut
1291 574 1351 620 an-

156 698 219 745 nus
253 677 368 743 batalis
398 677 469 742 eius
500 676 599 742 etiam
633 675 736 760 magis
769 673 898 741 recedat
924 673 965 739 ab
987 692 1025 739 aa
1048 680 1170 751 aetate,
1193 693 1258 760 qua
1283 678 1348 740 nori

156 807 250 867 erant
280 797 492 866 Athenienses
523 798 587 862 nisi
624 798 680 882 quai
714 803 849 881 utroque
880 803 1013 883 parente
1043 797 1113 861 cite
1143 794 1243 860 attico
1279 795 1348 860 nati

157 927 274 987 essent.

199 1035 249 1104 hd
276 1037 436 1103 Cononem
464 1036 691 1122 pervenimus,
725 1036 781 1121 qui
812 1034 941 1102 videtur
971 1044 1083 1102 contra
1111 1034 1216 1120 legem
1240 1034 1345 1102 filium

156 1178 195 1226 ex
226 1157 351 1223 thressa
382 1174 481 1222 uxore
513 1156 708 1242 suscepisse;
737 1163 770 1220 at
802 1153 983 1221 ridebimus
1013 1155 1046 1219 id
1069 1154 1191 1220 lactum
1216 1175 1287 1221 esse
1310 1175 1347 1222 ao

155 1286 321 1364 tempore,
345 1295 409 1362 quo
432 1282 563 1361 propter
586 1275 704 1342 bellum
728 1275 990 1362 peloponnesium
1011 1274 1111 1360 legem
1134 1294 1205 1341 eam
1227 1274 1350 1361 negligi

156 1417 237 1485 opus
269 1405 355 1474 erat,
387 1398 432 1462 ita
456 1403 493 1462 ut
516 1395 601 1462 lilius
624 1397 693 1462 cius
717 1396 757 1461 iis
778 1403 879 1461 'natus
902 1396 945 1460 sit
970 1395 1186 1482 temporibus,
1210 1395 1349 1481 quibus,

156 1519 285 1585 etiamsi
304 1537 344 1584 ex
363 1517 465 1584 altera
485 1515 641 1584 duntaxat
661 1524 752 1602 parte
771 1515 870 1582 fucrit
888 1516 968 1582 civis
988 1515 1100 1582 haberi
1118 1516 1233 1583 debeat
1250 1518 1347 1594 ciuis,

157 1658 233 1705 cum
256 1646 331 1704 ante
351 1635 519 1704 Euclidem
544 1644 640 1702 natus
664 1633 771 1702 luerit.

201 1756 288 1824 Bello
310 1757 535 1844 peloponnesio
554 1755 660 1821 Conon
681 1757 818 1822 accessit
837 1754 878 1820 ad
898 1775 967 1822 rem
987 1755 1147 1843 publicam
1161 1758 1188 1845 ¹)
1210 1763 1242 1822 ct
1259 1756 1346 1824 tilius

157 1877 363 1958 Timotheus,
394 1884 470 1944 cum
501 1884 586 1944 esset
619 1895 737 1962 magno
768 1881 848 1941 natu
870 1883 903 1942 et
927 1877 1136 1960 magistratus
1159 1896 1271 1962 gerere
1293 1877 1347 1943 de·

157 1999 264 2065 siissat
295 2018 360 2064 una
390 2018 466 2064 cum
495 1996 656 2084 Iphicrate
689 1997 722 2061 in
756 1995 926 2062 consilium
962 1995 1057 2063 datus
1088 2005 1138 2064 est
1160 1997 1259 2065 huius
1282 1997 1348 2064 filio

155 2117 354 2195 Menestheo,
377 2136 451 2183 cunr
472 2115 512 2181 ol.
533 2115 615 2194 GVI,
637 2121 655 2180 5
676 2123 805 2200 praetor
823 2114 865 2180 ad
885 2114 1016 2182 Samum
1035 2116 1347 2206 proficisceretnr2).

155 2238 334 2324 iphicrates
364 2245 396 2304 et
429 2235 616 2302 Timotheus
644 2235 746 2320 igitur
777 2233 843 2301 iere
867 2234 1010 2302 eiusdem
1033 2228 1148 2303 aetatis
1172 2237 1271 2304 luisse
1294 2239 1347 2302 ri-

155 2357 288 2436 dentur,
320 2356 405 2444 quod
436 2357 534 2422 etiam
565 2353 762 2441 probabilius
794 2353 829 2420 fit
860 2355 916 2433 iis,
947 2375 1029 2440 quae
1052 2355 1218 2424 Cornelius
1240 2357 1346 2446 Nepos

153 2477 329 2544 memoriae
363 2475 505 2563 prodidit
538 2475 576 2540 de
612 2475 736 2561 nuptiis
766 2474 938 2560 Iphicratis
969 2475 1028 2542 filii
1060 2477 1235 2544 Menesthei
1267 2498 1343 2545 cum

154 2596 315 2663 Timothei
347 2594 422 2661 filla.
470 2594 642 2681 iphicratis
674 2602 783 2660 autem
815 2595 917 2680 ipsius
941 2598 1046 2682 prima
1070 2616 1122 2662 res
1145 2606 1235 2682 gesta
1259 2597 1347 2664 laco·

155 2719 247 2782 nicae
278 2735 388 2782 morae
410 2715 524 2782 caedes
547 2715 647 2781 luisse
670 2713 799 2781 videtur
822 2715 875 2804 (ol.
901 2715 1025 2795 XCVII,
1049 2717 1096 2805 l),
1117 2738 1180 2805 quo
1200 2727 1347 2804 tempore

154 2835 358 2903 Menestheus
379 2835 598 2902 verisimiliter
620 2836 684 2901 iam
707 2841 801 2900 natus
820 2842 890 2900 erat
911 2834 1036 2911 thressa
1053 2836 1183 2923 quidem
1196 2846 1347 2906 matreet

154 2965 226 3042 post
249 2955 416 3024 Euclidem
439 2955 494 3024 sed
518 2954 816 3036 inconciliabilis
865 2955 930 3021 liac
950 2963 1054 3023 aetate
1075 2957 1181 3024 Conon
1203 2960 1267 3024 iam
1287 2958 1347 3025 din
1371 3002 1377 3011 -

154 3077 350 3143 inclaruerat
375 3084 506 3142 etcum
528 3075 599 3140 eius
623 3073 726 3139 filium
751 3073 954 3141 Timotheum
980 3083 1013 3141 et
1036 3076 1231 3162 iphicratem
1255 3080 1345 3146 eius·

155 3196 228 3265 dom
256 3196 325 3264 iere
353 3198 469 3263 aetatis
500 3193 600 3261 luisse
629 3192 807 3260 viderimus
831 3214 893 3260 non
917 3195 1010 3282 longe
1034 3196 1187 3264 aberrabo
1210 3218 1228 3263 a
1252 3219 1346 3279 vero,

156 3318 183 3382 si
214 3315 409 3382 contendero
440 3315 643 3381 Timotheum
668 3316 800 3381 circiter
823 3314 864 3381 ol.
888 3316 940 3382 xc
963 3325 1100 3384 exeunte
1122 3328 1236 3385 natum
1260 3340 1348 3400 esse,

156 3437 273 3522 qnippe
303 3436 359 3521 qui
392 3445 534 3521 tempore
565 3436 686 3501 samiae
716 3433 928 3521 expeditionis
959 3444 1046 3503 recte
1076 3437 1205 3505 dicatur
1228 3460 1348 3527 magno

155 3563 234 3623 natu
255 3574 342 3634 esse,
369 3575 491 3621 annum
512 3554 636 3621 s'cIIIcet
656 3573 754 3639 agens
775 3556 1010 3640 sexagesimum
1030 3566 1062 3624 et
1082 3558 1167 3644 quod
1186 3570 1347 3646 superest.

154 3676 325 3742 Praeterea
348 3676 383 3740 in
408 3674 509 3740 altera
530 3673 671 3741 Nubium
693 3674 832 3741 editione
853 3675 1013 3742 Timothei
1034 3679 1155 3744 mentio
1174 3678 1226 3757 fit,
1245 3679 1346 3766 quod,

155 3796 181 3860 si
213 3815 294 3882 opus
325 3803 389 3870 est,
425 3795 523 3861 etlam
555 3794 681 3882 probat,
715 3815 789 3860 eum
819 3803 894 3861 ante
925 3795 1092 3863 Euclidem
1124 3807 1238 3864 natum
1262 3820 1344 3868 esse.

155 3915 235 3981 Cum
267 3917 367 4002 igitur
400 3913 587 3980 Timotheus
619 3921 714 3980 natus
747 3916 790 3980 sit
819 3914 900 3980 bello
924 3917 1149 4003 peloponnesio
1172 3938 1224 3984 res
1248 3919 1345 3987 Grae·
1401 3888 1405 3895 ι

154 4054 266 4100 corum
299 4034 465 4112 turbante,
498 4034 666 4102 duodecim
690 4033 756 4103 iere
780 4035 874 4102 annis
898 4044 972 4102 ante
996 4037 1178 4117 Euclidem,
1202 4059 1265 4105 non
1291 4061 1346 4107 er-

194 4332 224 4399 t)
244 4328 394 4396 Cornelius,
415 4329 441 4381 in
462 4327 515 4381 vita
534 4346 555 4379 c.
578 4331 602 4381 1.
728 4327 731 4331 ’

191 4421 222 4490 2)
241 4417 276 4473 id.
296 4417 391 4493 Iphicr.
413 4435 434 4471 c.
456 4421 486 4484 3,
507 4414 622 4470 Timoth.
642 4436 662 4471 c.
683 4423 708 4472 3.
