2842 5018
739 269 782 330 50

168 471 230 536 que
260 451 303 516 sit
326 470 426 535 genus
451 451 565 515 mortis
589 449 714 529 civilis,
740 453 767 516 si
791 451 864 537 quis
889 452 1016 517 dicatur
1039 450 1139 516 totius
1164 445 1360 534 reipublicae

168 569 345 636 eonnnodis
377 570 531 655 spoliatus
566 590 603 636 ae
634 579 789 657 perpetua
821 571 997 655 ignominia
1021 578 1169 644 notatus,
1195 575 1231 634 ut
1256 566 1364 632 Strato

168 688 220 756 ille
251 691 284 754 in
318 690 543 756 Demosthenis
567 689 705 755 Midiana
720 692 758 778 ¹).
808 690 974 755 Eiusmodi
1000 689 1132 755 infamia
1157 695 1305 752 notatum
1330 693 1362 750 et

168 809 326 876 connubio
351 811 492 875 caruisse
517 830 630 875 censeo
655 817 686 876 et
710 829 844 876 uxorem
868 809 1031 876 dimittere
1055 810 1223 884 debuisse,
1248 807 1277 871 si
1297 807 1360 870 iam

169 930 311 995 duxerit.
361 929 396 994 ln
428 929 647 1015 superioribus
660 929 687 1016 2)
724 928 864 995 vidimus
888 931 980 995 uxori
1005 930 1115 995 mariti
1139 926 1233 994 bonis
1258 924 1362 1011 publi-

169 1049 251 1114 eatis
279 1050 331 1113 ius
357 1048 454 1113 luisse
479 1048 540 1113 sibi
565 1046 649 1113 dotis
673 1047 895 1114 vindicandae.
944 1048 1017 1134 lpsa
1040 1048 1123 1112 dotis
1147 1045 1363 1111 vindicatione

170 1175 302 1254 apparet
323 1167 405 1233 banc
427 1188 552 1253 quoque
574 1188 708 1254 poenam
730 1170 826 1235 morti
849 1168 934 1233 civili
956 1167 1096 1233 similem
1117 1164 1297 1231 habendam
1318 1185 1362 1230 es·

170 1308 225 1367 se,
259 1306 333 1351 nam
366 1286 439 1364 dos,
473 1287 547 1352 licet
575 1307 752 1373 numquam
777 1289 811 1353 in
835 1289 944 1353 mariti
969 1287 1147 1352 dominium
1174 1284 1277 1362 cedit,
1303 1305 1363 1350 non

171 1410 330 1494 repetitur
363 1407 425 1471 nisi
458 1408 666 1472 matrimonio
691 1406 804 1472 soluto.
853 1406 996 1473 Simulae
1023 1407 1131 1472 mariti
1156 1405 1240 1470 bona
1263 1405 1366 1489 publi-

171 1535 288 1591 cantur
322 1545 401 1591 uxor
434 1526 541 1592 dotem
576 1525 637 1590 sibi
668 1525 822 1592 vindicat.
870 1527 975 1613 Igitur
1006 1527 1163 1592 bonorum
1193 1523 1365 1610 publicati-

171 1666 280 1723 onem,
305 1647 501 1731 ignominiae
524 1666 645 1731 geum,
666 1648 813 1733 sequitur
837 1648 1036 1712 matrimonii
1063 1647 1190 1716 solutio.

216 1765 347 1840 Mulier,
371 1786 453 1852 quae
473 1785 666 1852 quocunque
686 1765 780 1831 modo
800 1786 838 1831 ex
859 1767 969 1840 uxoris
989 1767 1176 1834 condicione
1197 1768 1365 1835 inviduae

170 1885 389 1952 condicionem
420 1886 611 1964 transierat,
642 1886 783 1968 χηρεύειν
807 1885 984 1953 dicebatur.
1032 1886 1076 1952 De
1101 1907 1155 1965 ea,
1179 1890 1276 1965 euius
1299 1908 1366 1954 ma·

170 2007 255 2071 ritus
286 2014 435 2070 mortuus
466 2013 556 2084 erat,
588 2005 771 2093 exemplum
807 2025 909 2071 unum
942 2007 1028 2073 inter
1061 2007 1201 2092 piurima
1236 2008 1368 2094 praebet

171 2124 339 2213 lsaeus⁸)‚
362 2125 401 2191 de
424 2143 478 2200 ea,
504 2144 682 2210 quaecum
704 2127 821 2190 marito
842 2125 1016 2190 divortium
1039 2125 1159 2192 lecerat
1181 2128 1369 2194 Demosthe·

172 2265 228 2311 nes
240 2244 277 2331 ⁴).

218 2365 462 2431 llivortium
484 2363 652 2450 duplici
674 2362 956 2430 modoliebat.
989 2366 1368 2434 Maritusuxorem

172 2485 423 2551 dimittebat
458 2492 530 2550 aut
568 2504 672 2550 ttxor
706 2504 724 2549 a
756 2485 1195 2553 maritodiscedebat.
1245 2488 1372 2553 Rectis-

172 2606 254 2670 sime
278 2605 417 2670 Eranius
440 2603 530 2668 Philo
542 2602 567 2690 5)
590 2603 682 2668 docet
708 2605 864 2670 interesse
889 2605 973 2671 inter
993 2607 1175 2673 ἀπολείπειν
1195 2614 1227 2673 et
1248 2606 1369 2686 ἐκβάλ-

135 2704 137 2706 ·
172 2741 250 2801 term
284 2724 362 2791 iliud
386 2725 471 2790 enim
497 2724 560 2789 dici
585 2723 623 2789 de
648 2743 747 2789 uxore
771 2744 852 2809 quae
875 2745 893 2791 a
917 2726 1034 2791 marito
1058 2725 1216 2803 discedat,
1241 2725 1301 2790 boe
1328 2725 1371 2790 de

173 2847 290 2912 marito
313 2864 445 2910 uxorem
471 2843 665 2910 dimittente.
713 2843 902 2929 ceteroquin
929 2844 1139 2912 Athenienses
1163 2866 1219 2932 pro
1244 2844 1370 2924 inficit·

173 2981 236 3032 λειν
261 2967 370 3030 minus
394 2964 551 3031 invidioso
575 2965 704 3029 nomine
724 2965 772 3029 uti
792 2962 936 3044 solebant
955 2965 1125 3044 ἐκπέμπειν
1145 2973 1201 3031 aui
1222 2967 1370 3044 ἀποπέμ-

173 3112 252 3155 πειν.
301 3086 485 3165 ’Λπόλειῲιν
516 3083 700 3166 γράψασθαι
731 3091 839 3149 aulem
866 3091 898 3149 et
933 3084 1180 3166 ἀπογράψασθαι
1209 3084 1296 3150 idem
1322 3093 1370 3151 est

174 3205 258 3291 quod
290 3205 482 3271 ἀπολείπειν.
507 3200 509 3203 ’
531 3204 705 3289 Utriusque
738 3203 910 3268 locutionis
941 3223 1015 3268 mox
1043 3205 1121 3269 satis
1145 3204 1368 3290 exemplorum

173 3324 340 3399 alieretur;
375 3343 459 3389 nune
492 3322 530 3389 de
562 3324 679 3389 marito
704 3322 870 3388 videamus
896 3342 1025 3388 uxorem
1051 3323 1180 3389 iubente
1206 3344 1285 3390 suas
1308 3323 1368 3389 sibi

173 3465 225 3511 res
257 3443 394 3521 habere,
428 3442 511 3528 quod
543 3442 655 3531 Lysias
668 3442 694 3528 6)
727 3450 759 3508 et
792 3439 1001 3527 Apollodorus
1013 3443 1040 3529 ⁷)
1065 3440 1254 3522 ἀπόπεμψιν
1279 3443 1368 3508 dixe-

172 3565 302 3651 runt).
816 3544 817 3548 Ἰ

181 3718 387 3734 .-———-

207 3804 238 3871 1)
258 3804 364 3874 usta,
385 3803 399 3871 b
422 3804 466 3854 87.

209 3894 239 3959 2)
258 3911 282 3963 p.
304 3893 352 3958 ld,
375 3910 399 3944 n.
417 3895 442 3944 3.

208 3981 238 4049 3)
257 3979 289 4032 de
308 3979 416 4034 Pliiloct.
437 3978 491 4032 lter.
512 3999 536 4051 p.
549 3981 597 4045 61,
619 3979 632 4046 b
653 3981 697 4031 51.

209 4071 239 4137 4)
259 4066 314 4121 adr.
337 4069 458 4134 tinent,
480 4087 503 4139 p.
516 4069 582 4133 873,
604 4068 619 4135 §
640 4071 682 4119 33.

208 4159 237 4226 5)
258 4157 427 4224 Ammonius,
448 4155 489 4209 cd.
509 4151 681 4219 Valckenaer‚
702 4174 726 4226 p.
740 4157 802 4208 16⁰.

208 4249 237 4315 6)
259 4255 323 4299 teste
343 4245 447 4300 Polluce
467 4245 544 4308 vlit,
565 4245 608 4294 31.

207 4336 237 4404 ’1)
257 4334 417 4405 [Demostb.]
437 4351 458 4386 c.
479 4334 564 4384 Noaer.
585 4333 706 4402 p.1365,
727 4331 741 4398 §
762 4333 805 4384 59.

209 4429 238 4497 8)
259 4423 348 4480 Pollux
370 4413 428 4491 l.l.‚⁴
443 4424 500 4488 ΙΙΙ,
521 4423 556 4473 46
575 4422 602 4472 et
621 4424 670 4487 vt,
691 4423 745 4473 153
767 4421 859 4476 unicus
876 4429 927 4489 est,
944 4420 990 4494 qui
1009 4419 1071 4474 huic
1085 4420 1191 4475 divortii
1210 4420 1369 4477 mododrro·
