2842 5018
654 307 711 367 191

93 493 118 558 Ε
149 491 312 558 uocabulis
344 491 383 556 in
407 489 500 556 loro
523 498 630 555 tamen
654 509 718 554 non
743 496 846 574 potest
869 489 1082 556 demonstrari
1106 493 1277 576 pecuniam

92 632 164 680 eam
196 614 398 679 numeratam
429 630 498 677 esse
527 609 678 676 archonte
703 618 847 688 auctore,
872 630 945 676 cum
970 611 1010 675 iis
1034 613 1134 697 possit
1157 611 1277 697 signill-

92 734 160 800 cari
183 732 272 799 locus
295 734 327 798 in
352 752 415 818 quo
439 733 652 817 negotiatores
676 750 771 797 suum
795 750 916 797 munus
937 741 1100 801 exercent.

135 854 216 921 Fere
240 853 321 919 nihil
343 853 382 918 de
407 851 522 918 harum
546 851 653 938 legum
678 860 809 917 auctore
832 851 938 918 attuli.
986 853 1076 920 hicet
1095 860 1203 920 autem
1225 853 1279 919 hic

92 974 158 1041 illic
186 976 304 1041 summi
328 971 521 1060 legislatoris
545 991 661 1038 nomen
683 973 848 1059 appictum
872 974 913 1039 sit
938 980 970 1040 et
994 983 1163 1041 versentur
1185 975 1218 1038 io
1244 992 1279 1039 re

91 1116 174 1184 quac
214 1094 414 1182 temporibus
457 1113 519 1159 non
563 1093 682 1159 multas
721 1114 814 1180 passa
850 1095 891 1160 sit
926 1097 1137 1172 mutationes,
1168 1102 1279 1160 tamen

90 1218 198 1304 potius
230 1215 327 1282 hahui
359 1213 440 1280 nihil
472 1213 532 1279 hac
561 1212 600 1281 dc
624 1232 658 1280 re
682 1215 715 1279 in
739 1213 882 1281 medium
905 1213 1062 1302 prolerre,
1086 1214 1278 1302 praesertim

90 1359 166 1406 cum
189 1338 270 1405 certi
296 1334 471 1423 quidquam
495 1335 595 1401 statui
618 1354 680 1400 non
704 1336 817 1422 possit.

135 1459 172 1526 In
195 1457 247 1523 his
272 1453 434 1524 scribendi
457 1453 553 1521 finem
576 1453 703 1522 faciam.
750 1456 812 1522 Pro
836 1456 921 1521 uirili
946 1463 1038 1544 parte
1062 1475 1117 1522 eas
1137 1453 1279 1541 explicui

90 1581 195 1666 leges,
227 1597 310 1664 quae
341 1578 374 1641 iu
402 1574 544 1642 Platonis
565 1574 695 1642 Critone
719 1576 864 1642 divinum
889 1575 1053 1643 Socratem
1078 1576 1156 1642 haec
1180 1575 1278 1640 inter·

91 1718 204 1786 rogate
235 1696 405 1765 dicuntur:
440 1698 500 1776 οὐχ
530 1697 618 1776 ἡμεῖς
641 1723 676 1762 σε
699 1697 908 1776 ἐγεννήσαμεν
930 1698 982 1764 uel
1008 1699 1045 1764 δι’
1070 1699 1152 1775 ἡμῶν
1177 1693 1279 1774 ἐλάμ-

92 1823 172 1900 βνννε
204 1820 258 1894 τὴν
288 1819 406 1900 μητέρα
439 1824 492 1883 rori
519 1818 532 1882 ὃ
555 1820 657 1900 πατὴρ
683 1819 734 1884 ret
762 1819 913 1903 ἕφύτεννέ
934 1840 988 1895 σε;
1033 1816 1190 1904 Equidem
1216 1815 1278 1882 vel·
1305 1881 1308 1885 .

92 1939 155 2007 lem
190 1937 270 2005 mihi
299 1937 412 2005 horum
446 1940 752 2006 commentariorum
785 1939 938 2017 lectores,
971 1941 999 2005 si
1027 1939 1221 2025 quierunt,
1246 1934 1279 2002 iri

93 2062 219 2147 roganti
250 2059 334 2147 quod
366 2060 399 2126 in
431 2058 571 2127 Platonis
601 2060 669 2127 loco
693 2062 856 2148 sequitur:
880 2061 1018 2145 φράσον,
1040 2060 1162 2144 μέμφεν
1186 2082 1216 2124 rr
1239 2061 1277 2131 ὡς

91 2183 125 2248 οὐ
147 2189 247 2261 καλῶς
271 2180 412 2266 lyconem
439 2180 579 2249 Socratis
603 2185 635 2249 οὐ
658 2183 829 2267 μέμφομαι
852 2183 1006 2250 evenerit.

539 2310 551 2351 ν
