2842 5018
683 292 723 353 19

97 492 175 553 nor,¹
195 474 479 540 vehementissime
502 475 649 539 invectus
673 474 788 540 fuisset
811 475 843 538 in
868 493 962 551 cum,
983 476 1039 560 qui
1061 475 1147 561 leges
1160 492 1292 561 prorsus

95 594 192 673 nihili
217 594 356 660 fecisset.

142 714 265 782 Genere
296 715 560 800 proximosasese
589 714 728 800 quodam
760 713 871 779 ordine
903 715 994 799 sequi
1019 714 1109 790 dixi,
1135 715 1167 779 in
1192 734 1289 799 quem

95 853 183 899 nunc
208 834 436 919 inquirendum
458 843 518 900 est.
556 836 675 901 Rerum
701 843 818 901 natura
840 836 892 911 fit,
916 843 952 902 ut
973 835 1033 901 hae
1058 837 1092 901 in
1112 854 1146 900 re
1165 833 1289 918 atiqua-

96 962 191 1019 tenus
215 954 300 1019 idem
325 964 490 1040 spectetur
512 954 590 1020 ordo
614 964 711 1040 atque
736 957 767 1019 iu
792 956 864 1021 iure
885 954 1087 1021 hereditario.
1135 956 1285 1020 Attamen

95 1073 241 1139 nonnihit
266 1076 417 1148 interest;
440 1075 473 1140 in
492 1073 623 1161 epioieri
643 1076 730 1140 euim
751 1074 925 1161 epidioasia
947 1075 992 1141 nif
1013 1075 1140 1141 videtur
1155 1073 1286 1139 differre

94 1194 233 1260 ducatue
266 1197 432 1281 proximus
467 1195 623 1280 originem
662 1215 678 1260 a
714 1194 858 1260 maribus
890 1215 930 1260 au
970 1215 988 1260 a
1019 1194 1164 1272 feminis,
1201 1193 1286 1279 quod

91 1313 187 1380 aliter
218 1334 251 1380 se
281 1313 376 1380 habet
408 1315 536 1381 in'iure
561 1313 770 1387 hereditario;
794 1334 897 1400 neque
922 1316 955 1379 iu
980 1314 1155 1401 epidioasia
1178 1315 1284 1399 proxi·

92 1435 156 1502 mis
178 1434 412 1502 adnumerandi
432 1442 509 1501 suut
531 1435 676 1502 defuncti
696 1444 849 1520 cognatae
868 1455 971 1522 neque
991 1444 1150 1521 parentes.
1196 1433 1283 1499 Indi·

91 1557 142 1620 oia
165 1562 291 1635 tamen,
315 1557 433 1644 quibus
458 1557 542 1622 hunc
563 1556 708 1623 ordinem
730 1555 821 1621 nobis
841 1554 1069 1632 informemus,
1087 1555 1282 1641 paucissima

91 1685 168 1742 sunt
182 1676 224 1763 ¹);
247 1677 353 1742 trihus
377 1679 464 1743 enim
490 1685 617 1742 tantum
640 1676 719 1742 iocis
744 1675 871 1752 isaeus,
894 1684 927 1741 et
951 1676 1056 1741 neiis
1079 1673 1210 1760 quidem
1232 1693 1283 1756 sa·

90 1797 135 1862 tis
165 1795 289 1871 lucide,
320 1795 359 1860 de
390 1815 427 1860 eo
454 1794 608 1880 loquitur.
656 1795 691 1858 lu
716 1797 859 1860 oratione
883 1793 922 1860 de
946 1793 1064 1882 Pyrrhi
1087 1792 1280 1871 hereditate,

91 1934 189 1999 quem
212 1900 318 1978 focum
343 1914 408 1977 iam
432 1913 529 1978 semel
553 1916 737 1998 iterumque
760 1913 907 1990 laudavi,
933 1914 1028 1999 primi
1050 1912 1204 1978 dicuutur
1225 1911 1281 1978 iiiii

92 2033 214 2098 sororis
264 2033 367 2118 patris
404 2029 548 2096 defuncti
583 2033 686 2117 ipsius
720 2031 936 2120 (adrumetum
970 2040 1151 2119 sequuntur
1184 2025 1280 2099 huius

89 2152 262 2232 avuncuii,
294 2171 375 2237 quos
400 2150 523 2237 reliqua
547 2170 664 2236 genere
687 2154 905 2237 proximorum
930 2152 1026 2218 turba
1049 2154 1179 2240 excipit.
1228 2153 1280 2220 nt·

88 2281 160 2340 tero
190 2271 297 2360 foco²)
329 2271 421 2338 docet
451 2270 585 2337 fratrem
617 2291 807 2356 germanum
844 2273 944 2359 patris
968 2272 1111 2340 defuncti
1136 2274 1278 2359 primum

89 2413 178 2470 esse,
200 2401 271 2459 tum
298 2392 369 2458 eius
392 2391 512 2469 fitium,
536 2392 582 2457 ita
607 2400 642 2457 ut
666 2391 833 2458 videamus
853 2394 992 2479 priorem
1013 2392 1120 2458 locum
1142 2413 1204 2458 non
1225 2393 1280 2459 ad·

88 2512 264 2578 hibendum
296 2532 365 2578 esse
389 2511 490 2576 altero
513 2510 678 2596 neglecto,
703 2531 775 2576 nam
801 2530 841 2577 ex
863 2511 989 2577 duobus
1011 2511 1091 2577 iocis
1113 2533 1279 2599 compara-

87 2634 131 2699 tis
155 2640 287 2719 apparet
312 2632 398 2697 huno
421 2631 522 2697 fuisse
546 2631 707 2697 ordinem:
732 2633 873 2717 primum
893 2632 1012 2696 fratres
1032 2629 1188 2705 defunoti;
1206 2641 1277 2701 tutu

89 2753 146 2818 titii
161 2754 275 2819 :huius
292 2752 442 2817 fratrum
465 2761 522 2817 aut
545 2771 707 2825 sororum;
731 2751 850 2818 deindev
866 2750 1018 2817 avuncuii
1040 2752 1144 2837 ipsius
1166 2751 1277 2820 defun·

88 2873 149 2948 oti;
180 2873 318 2958 denique
341 2873 565 2958 uuusquisque
588 2891 704 2956 genere
728 2874 965 2956 proximorum,
990 2892 1070 2955 quos
1093 2850 1208 2939 omnes*
1230 2893 1277 2939 ro

87 3013 219 3060 censere
251 2993 394 3070 taedeat,
424 3012 483 3058 nec
515 3011 710 3079 quemquam
737 2991 831 3055 hunc.
847 2990 907 3054 sihi
930 2990 1073 3056 ordinem
1100 3011 1162 3054 uon
1187 3013 1279 3076 posse

85 3113 261 3180 informare
284 3133 407 3178 censeo.
456 3113 538 3178 Huic
564 3122 670 3177 tamen
695 3110 801 3176 ordini
823 3108 1012 3175 adversatur
1035 3109 1124 3175 locus
1146 3131 1186 3177 ex
1207 3131 1277 3178 ora·

85 3237 172 3300 tione
204 3234 243 3299 de
270 3234 394 3298 Cironis
418 3231 596 3298 hereditate
609 3233 646 3318 3).
695 3231 790 3296 Giron
814 3240 962 3297 mortuus
985 3238 1035 3296 est
1060 3229 1123 3297 iilia
1149 3231 1276 3300 herodi*

84 3357 186 3431 teria,
218 3354 354 3419 oratoris
385 3364 507 3430 matre,
540 3351 667 3418 relicta:
701 3354 771 3418 iure
799 3360 906 3418 autem
932 3353 1125 3434 ἀγχιστείας
1148 3353 1276 3420 Cironis

85 3475 269 3558 ἀδελφιδοῦς
297 3473 399 3538 fruius
431 3472 511 3538 boua
544 3472 604 3537 sibi
635 3474 765 3558 petivit,
798 3472 882 3557 quod
916 3473 1032 3537 iniuria
1057 3470 1178 3537 factum
1204 3494 1276 3540 esse

85 3603 194 3660 orator
223 3595 422 3660 demonstrat
453 3600 487 3657 et
516 3584 647 3678 propter
679 3592 741 3657 ulia
772 3600 804 3657 et
835 3599 1023 3677 propterea,
1049 3591 1133 3675 quod
1151 3612 1275 3676 genere

83 3715 249 3800 proximus
273 3731 452 3797 numquam
477 3720 583 3797 posset
607 3712 702 3797 potiri
726 3710 824 3778 huius
846 3710 975 3797 epicferi
1001 3711 1131 3795 opibuS,
1154 3714 1272 3798 quippe

85 3897 289 3912 ———

121 4020 150 4087 f)
178 4016 212 4071 cf.
240 4015 345 4070 omnino
374 4017 490 4081 Buuseu,
520 4014 552 4068 de
576 4015 634 4068 iure
658 4012 860 4068 fundamen.
881 4009 1030 4084 p.t5‚qui
1051 4010 1272 4082 expositoordine

82 4124 178 4160 noram
205 4104 404 4159 controversiam
432 4104 542 4171 crearit,
565 4104 670 4177 cuinam
694 4102 793 4156 scilicet
819 4101 944 4172 epiclerus
964 4097 1137 4163 adiudicuuda
1154 4101 1270 4165 assensi

82 4193 187 4266 piures,
214 4194 261 4270 qui
287 4194 377 4248 eodem
406 4202 490 4246 esseut
517 4191 612 4264 gradu,
638 4210 696 4246 eum
723 4200 855 4262 peterent;
881 4188 949 4263 quod
977 4207 1039 4244 cum
1058 4187 1145 4256 fieret,
1167 4193 1267 4246 ituraea

80 4281 179 4337 statuit
197 4301 254 4338 cam
272 4282 448 4337 adiudicatum
466 4299 518 4335 esse
538 4279 650 4335 maximo
671 4288 735 4333 natu
751 4297 783 4332 cx
805 4276 851 4331 iris.

121 4374 152 4442 2)
171 4372 203 4425 dc
223 4373 300 4426 Arist.
322 4373 373 4426 hor.
396 4375 479 4446 gudo,
503 4371 516 4438 d
538 4375 563 4423 5.

123 4463 153 4530 3)
174 4481 197 4534 p.
211 4464 258 4530 72,
278 4464 291 4529 d
313 4465 356 4515 31.
