2842 5018
687 277 728 339 57

108 462 258 551 probatos
293 469 442 527 auctores
478 459 537 526 hac
571 460 610 525 de
650 479 684 525 re
718 458 896 546 loquuntur
918 460 944 548 ¹)
975 459 1054 525 nihil
1087 481 1143 526 nos
1175 462 1300 529 docent.

108 583 251 670 Epicleri
282 590 390 647 autern
420 580 552 654 κιέκιισις
585 588 671 655 erat,
693 600 767 646 cum
792 598 908 664 genere
934 581 1098 665 proximus
1121 601 1193 648 earn
1217 583 1302 650 iniu-

109 703 159 767 ria
192 699 334 766 afficeret
366 708 443 780 aut,
476 703 503 766 si
538 719 659 786 pauper
686 707 790 778 esset,
815 720 918 785 neque
941 699 1074 766 duceret
1098 721 1203 787 neque
1226 722 1301 768 cum

111 821 183 887 dote
217 821 367 887 elocaret.
415 822 456 888 nt
489 820 528 886 de
551 822 725 904 coniugum
750 819 877 886 iuribus
901 821 987 886 inter
1010 840 1080 886 sese
1106 840 1144 886 ne
1169 820 1302 886 verbum
1346 858 1350 866 ·

110 941 241 1027 quidem
274 942 424 1006 innotuit.
482 940 591 1006 Satius
624 942 708 1006 eninr
741 939 824 1005 duco
852 939 1010 1005 eiusmodi
1035 942 1186 1006 instituta
1210 943 1304 1008 omit·

111 1072 180 1127 tere
209 1060 315 1146 qualia
340 1081 357 1126 a
383 1060 555 1126 Plutarcho
579 1059 734 1125 discimus
748 1060 785 1147 ²).
835 1060 945 1147 Neque
970 1061 1123 1126 maiorem
1147 1059 1240 1126 fidem
1262 1062 1304 1127 iis

113 1179 222 1246 tribuo
253 1199 334 1265 quae
358 1180 554 1245 recentiores
579 1181 777 1265 scripserunt
803 1179 990 1258 decausis,
1021 1180 1060 1245 oh
1083 1199 1163 1265 quas
1189 1200 1304 1247 uxores
1387 1201 1392 1209 ’

112 1303 271 1372 κακώσεως
297 1299 422 1364 actione
445 1308 557 1364 contra
582 1301 715 1364 maritos
739 1300 903 1384 potuerint
928 1319 1023 1384 agere
1037 1302 1075 1386 ³).

157 1420 254 1486 Plura
282 1429 357 1485 nota
381 1428 459 1483 sunt
481 1419 521 1485 de
545 1422 705 1492 κκκώσειις
729 1420 855 1485 actione
880 1420 947 1506 ipso
970 1420 1005 1484 in
1028 1421 1111 1486 iure.
1159 1420 1206 1486 Ea
1229 1424 1325 1487 vero'

113 1548 253 1606 tractare
277 1560 340 1604 non
361 1549 410 1606 est
431 1540 528 1606 huius
551 1541 704 1627 temporis
716 1540 753 1627 ⁴).
800 1539 869 1605 Non
890 1549 998 1606 tannen
1019 1541 1233 1607 omittendum
1254 1549 1304 1607 est

111 1661 144 1726 id
164 1662 246 1725 iuris
266 1661 453 1727 institutum
475 1681 539 1748 quo
559 1659 780 1739 sanciebatur,
800 1659 878 1746 quid
891 1662 1009 1726 marito
1023 1680 1155 1726 uxorem
1168 1662 1201 1726 in
1214 1661 1304 1728 adul-

109 1782 193 1847 terio
217 1780 468 1868 deprehendenti
491 1779 597 1846 iacere
620 1780 743 1845 liceret.
792 1780 918 1844 Partem
941 1801 1015 1846 vero
1034 1788 1162 1847 tantum
1183 1783 1303 1848 tenuis·

113 1904 229 1968 simam
261 1901 341 1983 legis
372 1899 533 1983 explicare
564 1900 711 1982 cogimur
746 1917 880 1983 eamque
910 1899 1042 1984 reliquis
1071 1900 1172 1966 mullo
1196 1903 1304 1968 minus

115 2021 248 2108 probato
280 2018 466 2083 testimonio
497 2018 736 2093 confirmatam,
769 2037 842 2082 curn
874 2016 933 2082 hoo
965 2018 1033 2084 loco
1061 2019 1303 2088 nobistantum

114 2138 345 2226 inquirendum
379 2139 435 2214 sit,
472 2137 549 2223 quid
573 2158 611 2204 ex
632 2138 790 2203 adulterio
814 2147 960 2204 secutum
984 2137 1083 2205 luerit
1103 2141 1208 2226 quoad
1228 2163 1304 2209 oon-

114 2263 228 2346 iugum
260 2259 404 2345 ipsorum
437 2258 509 2322 iura
541 2265 674 2344 spectat.
735 2258 803 2323 lluo
835 2267 911 2324 sunt
942 2260 1033 2326 attici
1065 2270 1207 2328 oratores
1247 2264 1303 2349 qui

114 2388 216 2466 agunt
246 2379 285 2445 de
315 2378 493 2452 adulterio,
520 2377 695 2443 Aeschines
707 2378 733 2465 ⁵)
757 2387 788 2443 et
812 2378 1021 2465 Apollodorus
1034 2381 1071 2469 6).
1120 2381 1307 2462 Quaerere

114 2502 255 2568 maxime
290 2497 330 2565 ad
365 2518 435 2563 reni
468 2505 613 2562 nostram
645 2496 769 2563 iaciunt
801 2498 976 2565 Aeschines
1008 2502 1142 2594 omisit,
1174 2522 1237 2587 quo
1273 2501 1308 2567 lit

115 2631 151 2687 ut
181 2620 220 2686 ah
252 2617 441 2705 Apollodoro
471 2616 621 2682 discenda
654 2617 890 2703 relinquantur.
939 2619 999 2685 llic
1031 2627 1138 2685 autem
1169 2621 1232 2686 ita:
1258 2621 1308 2686 »si

115 2741 233 2808 mulier
264 2738 439 2826 pudicitiae
468 2756 545 2803 suae
577 2757 639 2802 non
671 2740 869 2824 pepercerit,
901 2740 997 2806 simul
1029 2748 1061 2806 et
1089 2740 1199 2805 niariti
1222 2739 1309 2806 aedi·

114 2863 176 2929 hus
205 2870 239 2927 et
262 2858 351 2925 urhis
376 2857 478 2924 sacris
499 2858 647 2923 elicitor'’
660 2858 698 2946 ⁷).
746 2859 923 2925 Dolendum
948 2868 996 2926 est
1021 2859 1144 2925 nullum
1168 2860 1308 2948 amplius

115 2983 214 3048 huius
237 2980 378 3045 instituti
400 2979 622 3044 testimonium
643 2997 828 3064 superesse;
849 2978 932 3044 hanc
954 2980 1040 3044 enirn
1062 2980 1217 3044 orationis
1237 2998 1308 3065 par·

117 3112 183 3170 tem
217 3103 381 3168 intuentes
414 3109 446 3165 et
477 3097 649 3184 diligenter
682 3108 890 3185 reputantes,
921 3118 984 3184 quo
1017 3097 1145 3164 tandem
1178 3098 1310 3165 consilio

115 3231 224 3290 orator
255 3221 333 3287 haec
366 3219 603 3306 qualiacunque
636 3219 675 3285 de
706 3240 743 3285 ea
768 3219 837 3305 lege
861 3220 997 3286 orationi
1021 3239 1099 3286 suae
1122 3218 1307 3297 interserit,

121 3373 347 3392 ‘uu-”¹¹¹¹—

154 3485 185 3554 1)
205 3501 225 3536 e.
246 3502 270 3555 g.
291 3486 323 3536 ls.
344 3481 437 3557 Pyrrhi
459 3481 512 3535 her.
530 3502 553 3554 p.
565 3487 614 3549 42,
636 3484 650 3552 §
670 3486 721 3550 46,
743 3487 814 3536 Deru.
834 3482 891 3538 adr·
912 3487 1035 3538 Pantaen.
1055 3503 1079 3556 p.
1090 3486 1163 3549 980,
1185 3485 1199 3552 p
1221 3485 1265 3535 15.

155 3575 184 3642 2)
203 3572 230 3626 si
251 3571 340 3639 lubet,
360 3571 479 3646 inspicias
499 3570 544 3624 vit.
563 3572 615 3626 Sol.
635 3591 658 3626 e.
678 3576 714 3624 20
733 3581 760 3626 et
778 3575 866 3626 Amat.
884 3590 906 3627 c.
925 3577 975 3640 233
994 3571 1027 3625 cf.
1047 3590 1125 3646 supra
1145 3591 1169 3644 p.
1182 3575 1229 3639 13,
1250 3574 1305 3626 n.1

117 3671 143 3715 et
162 3665 189 3716 2.

155 3753 185 3821 3)
207 3749 275 3824 Diog.
297 3753 379 3804 Laeni.
400 3753 449 3817 lv,
472 3752 504 3816 73
525 3752 584 3802 Luc.
605 3748 643 3802 bis
663 3753 721 3802 hcc.
741 3769 762 3803 e.
782 3753 835 3818 293
854 3749 995 3822 Aleiphron
1015 3753 1040 3816 1,
1060 3751 1086 3802 6.

156 3843 185 3910 l)
204 3837 247 3894 eff.
277 3839 395 3904 Platner‚
425 3837 471 3890 der
500 3856 566 3910 proc.
580 3841 620 3904 lt,
641 3857 664 3909 p.
675 3840 730 3891 224
749 3856 817 3912 sqq,
838 3837 914 3891 lleier
930 3846 957 3890 et
976 3835 1152 3902 Schmmnnn,
1170 3843 1221 3888 att.
1241 3851 1308 3906 proc.

117 3951 141 4002 p.
153 3931 208 3982 269
227 3947 298 4003 sqq,
318 3949 342 4002 p.
353 3931 408 3981 288
427 3945 497 4000 sqq,
517 3923 633 3994 Boeotii,
653 3927 759 3981 stantsh.
779 3927 825 3980 der
844 3925 904 3980 Ath.
925 3930 954 3994 Ι,
973 3945 998 3999 p.
1010 3928 1071 3978 474.

156 4022 186 4091 5)
206 4037 227 4073 a
246 4019 312 4071 Tim.
333 4037 357 4090 p.
368 4021 418 4083 aa,
439 4017 453 4084 c
474 4018 536 4067 esa.

155 4112 186 4179 6)
206 4105 365 4177 [Demosth]
385 4124 407 4157 c.
428 4107 514 4158 Neaer.
536 4123 557 4176 p.
570 4105 657 4171 1373,
681 4106 695 4173 h
721 4108 755 4157 85
774 4122 828 4178 sqq.

155 4202 185 4268 7)
206 4201 260 4251 llos
279 4195 341 4250 haec
359 4194 387 4247 in
407 4191 472 4265 legis
491 4189 631 4244 formulam
651 4191 753 4245 redacta
774 4192 912 4264 leguntur:
935 4190 1048 4242 ἐπειδὰν
1066 4188 1097 4239 σε’
1119 4184 1167 4257 ε”λῃ
1185 4190 1231 4238 τὸν
1248 4207 1310 4249 μοι-

117 4286 168 4353 χὸν
185 4288 223 4351 μὴ
241 4284 336 4340 ἐξέστω
354 4282 391 4348 τῷ
412 4279 503 4329 ἑλόντι
518 4283 653 4330 συνοικεῖν
671 4281 707 4342 τῇ
723 4279 847 4344 γυναικί,
865 4280 911 4329 ἐὰν
931 4277 962 4327 δὲ
983 4284 1109 4346 συνοικῇ,
1124 4277 1221 4340 ἄτιμος
1231 4278 1308 4329 ἕσσον»

116 4366 204 4434 Μηδὲ
223 4372 258 4433 τῇ
276 4364 387 4432 γυναικὶ
405 4362 501 4420 ἐξέστω
520 4361 634 4410 εἰσιέναι
658 4361 699 4418 εἰς
718 4361 753 4410 τὰ
770 4363 831 4430 ἱερὰ
851 4363 887 4412 τὰ
900 4362 1059 4430 δημοτελῆ,
1073 4348 1149 4428 ἔφ’ᾗ
1169 4361 1202 4411 ἂν
1215 4361 1311 4429 μοιχὸς

116 4451 185 4520 ἁλῷ.
205 4451 250 4500 ἐὰν
268 4450 295 4501 δ’
316 4451 403 4517 εἰσίῃ,
423 4445 550 4514 νηποινεὶ
569 4443 699 4512 πασχέτω
718 4443 762 4495 ὅτι
780 4444 813 4498 ἂν
828 4447 936 4514 πάσχῃ,
957 4444 1029 4512 πλὴν
1044 4445 1179 4497 θανάτου.
