2842 5018
650 295 711 356 177

75 475 208 544 solebat.
254 476 316 558 Qui
347 487 456 546 autem
488 479 557 544 ficri
588 480 687 564 possit
719 485 756 544 ut
785 477 871 543 idem
895 475 1057 563 legislator
1081 473 1263 560 permiserit

74 598 244 681 pecuniam
267 597 461 685 pupillorum
486 598 681 684 navigationi
705 597 835 665 credere
854 600 942 686 (nam
962 596 1021 663 hcc
1041 615 1104 661 non
1123 595 1259 661 vetitum
1292 637 1294 639 .

70 716 171 784 iuisse
203 726 335 804 apparet
364 739 402 785 ex
427 721 467 785 iis
491 738 572 806 quae
595 719 676 809 dixi)
696 728 732 785 et
755 720 894 786 vetuerit
918 737 958 783 ne
979 718 1108 784 foenore
1129 715 1259 780 nautico

70 857 109 904 ea
141 839 263 905 locetur
293 859 356 905 non
387 839 541 926 inteliigo.
591 840 656 906 Hoc
687 846 796 906 tamen
825 859 865 906 ex
896 839 1010 927 Lysiae
1036 836 1259 922 fragmentce

69 957 170 1024 Suida
201 968 326 1026 servato
358 960 535 1028 effecerunt
564 961 626 1026 viri
657 980 792 1046 graecae
823 959 1025 1047 antiquitatis
1048 955 1256 1045 peritissimi,

69 1079 195 1146 Bceelrh
209 1081 235 1169 ¹)
267 1081 338 1147 dico
362 1085 471 1168 etqui
493 1101 569 1149 eum
590 1083 693 1148 secuti
717 1080 844 1169 sunm).
892 1078 1046 1147 Videmus
1069 1076 1148 1144 nihii
1170 1077 1257 1144 eius·

70 1200 156 1265 madi
190 1202 325 1268 vetitum
356 1200 470 1277 iuisse;
501 1201 730 1269 secundum
762 1202 894 1288 legem
924 1199 1086 1266 licebat
1115 1197 1256 1263 tutori

68 1320 327 1407 pupillorum
349 1343 445 1409 opes
467 1323 508 1387 in
529 1324 646 1407 agris
665 1323 826 1401 locare,
845 1321 1025 1408 fragmento
1044 1321 1072 1386 si
1092 1317 1255 1387 credimus

67 1449 187 1508 tutor
218 1441 449 1509 iubebatur
478 1442 741 1530 pupillorum
769 1462 868 1529 opes
891 1444 932 1508 in
955 1442 1070 1528 agris
1093 1440 1253 1517 lucare,

67 1561 126 1628 hcc
155 1583 174 1627 a
205 1562 301 1651 Lysia
324 1561 500 1638 discimus,
524 1562 604 1628 nihii
629 1563 785 1650 amplius,
810 1583 883 1630 nam
907 1583 946 1629 ex
970 1559 1176 1648 sequentibus
1197 1577 1252 1624 rc·

64 1683 186 1766 cahulis
217 1682 391 1768 fragmenti
421 1682 501 1749 veile
532 1680 753 1749 demonstrare
783 1684 898 1749 vetitos
927 1681 1027 1749 fuisse
1058 1688 1254 1746 tutoresne

64 1802 191 1869 foenore
212 1805 341 1870 nautico
360 1824 414 1870 cas
434 1803 576 1869 locarent
599 1805 736 1869 nimium
757 1805 813 1877 sit;
833 1822 891 1891 per
906 1823 940 1868 se
953 1804 1038 1868 enim
1051 1822 1087 1867 ea
1099 1798 1253 1866 vocabule

67 1918 154 1992 οὗτος
184 1923 216 1987 u
246 1927 401 2000 ναυτικοὺς
430 1929 515 2004 ἡμᾶς
545 1926 712 2008 ἀποφαίνει
744 1924 824 1990 nihil
855 1922 1038 2010 significant
1051 1923 1095 2009 3);
1117 1921 1253 1987 neurim!

67 2042 155 2107 cuim
187 2062 361 2130 numquam
392 2055 468 2112 sunt
496 2047 517 2110 ii
543 2047 598 2132 qui
619 2047 787 2132 pecuniam
811 2043 938 2110 foenore
960 2044 1089 2110 nautico
1112 2040 1251 2117 elocant,

64 2138 121 2228 sed
142 2163 223 2228 sccii
243 2163 381 2232 navales.
429 2166 463 2232 Si
483 2164 575 2253 plura
596 2165 817 2252 descripsisset
838 2163 967 2240 Suidas,
987 2161 1122 2228 fortasse
1140 2181 1250 2227 reram

62 2281 232 2351 lectionem
262 2287 403 2373 reperire
437 2306 619 2373 possemus;
653 2306 738 2352 nunc
769 2287 847 2352 satis
878 2286 921 2351 sit
951 2284 1249 2352 demonstrassem

62 2403 122 2470 hcc
146 2402 326 2489 fragmento
348 2406 446 2473 talem
470 2406 574 2492 legem
600 2427 662 2473 non
688 2427 777 2494 posse
801 2407 923 2493 eruit).

105 2524 257 2613 Exempla
280 2526 369 2602 bene.
384 2526 487 2593 muita
512 2536 688 2594 occurrunt
711 2535 872 2604 tutorum,
895 2528 950 2612 qui
972 2526 1033 2612 ipsi
1055 2523 1247 2612 pupillorum

61 2662 136 2729 opes
160 2643 446 2713 administrabant:
471 2647 671 2733 Dicgitcnem
696 2650 729 2712 in
749 2647 864 2734 Lysiae
883 2647 1044 2725 oratione,
1067 2643 1247 2731 Theophra·

60 2774 146 2830 stum
171 2764 204 2830 in
233 2765 314 2831 isaei
338 2765 377 2832 de
399 2766 561 2855 Astyphiii
584 2768 778 2846 hereditate,
799 2766 1055 2833 Aristaechmum
1077 2767 1110 2831 in
1131 2766 1246 2833 Demo-

58 2883 182 2950 sthenis
205 2884 359 2951 adversus
381 2886 633 2954 Nausimachum
658 2891 723 2955 iam
746 2890 875 2976 saepius
898 2889 1154 2954 commemorari.
1200 2887 1245 2952 De

57 3005 280 3072 demosthenis
304 3007 466 3074 tutoribus
490 3029 576 3075 nunc
600 3009 775 3076 videamus.

103 3125 306 3212 Quamquam
337 3108 560 3195 Deciosthenis
590 3141 679 3216 pater
703 3132 735 3195 in
761 3138 952 3196 testamento
973 3128 1147 3214 scripserat
1169 3148 1244 3196 suas

93 3409 123 3476 1)
152 3404 258 3460 staatsh.
288 3406 334 3461 der
362 3407 423 3462 ath.
444 3413 472 3477 Ι,
491 3429 516 3483 p.
532 3413 599 3463 189:
621 3409 802 3485 waisengeldcr
821 3409 937 3465 konnten
957 3409 1030 3464 nieht
1048 3409 1096 3464 aui
1112 3410 1242 3469 hedmerei

55 3494 167 3568 gegeben
196 3495 311 3564 werden,
342 3497 457 3553 wiewchl
484 3499 564 3553 dieses
581 3510 664 3574 gesem
683 3500 747 3554 diter
767 3499 917 3553 iibertreteu
937 3497 1033 3554 wurde.
1070 3503 1126 3573 Lys.
1145 3498 1177 3555 fr.
1197 3506 1241 3559 37.

55 3585 164 3639 iiierhcr
182 3587 273 3659 gehiirt
292 3586 358 3641 auch
380 3588 425 3641 der
445 3588 492 3642 fall
512 3588 552 3642 bei
568 3590 654 3663 Lysias
670 3609 750 3664 gegen
771 3587 911 3661 Diogeitou.

92 3677 123 3745 2)
144 3673 264 3743 Pictam,
280 3675 326 3730 der
344 3695 411 3749 proc.
432 3681 468 3731 ii.
489 3681 556 3744 281,
582 3681 612 3729 G.
632 3677 663 3730 dc
679 3680 763 3743 Vries,
784 3675 816 3728 de
834 3674 942 3728 foenoris
961 3674 1061 3730 nautici
1079 3689 1160 3734 contr.
1182 3682 1239 3739 iure

53 3769 116 3830 att„
137 3783 160 3836 p.
172 3767 208 3817 12
227 3783 279 3839 sq.;
302 3764 337 3818 sic
356 3764 435 3819 etiarn
456 3765 531 3819 ueier
551 3765 640 3835 (dicier
659 3766 712 3819 uud
732 3763 905 3831 Schoemann‚
925 3763 950 3818 d.
970 3774 1019 3819 att.
1040 3785 1105 3838 proc.
1127 3790 1150 3842 p.
1173 3775 1240 3844 451)

53 3851 152 3905 dicens:
181 3863 260 3907 etwas
289 3853 440 3908 unerhiirtes
460 3875 512 3908 war
532 3873 556 3908 cs
576 3855 626 3908 mit
644 3855 704 3908 dem
724 3853 796 3926 gelde
816 3852 1113 3925 handelsspeeulationen
1133 3860 1183 3914 auf
1195 3880 1240 3935 ge-

55 3939 114 3994 fahr
131 3940 177 3994 der
196 3942 313 4015 pnpillen
333 3964 365 3996 an
385 3944 586 4012 unternchmen‚
602 3955 628 3997 et
648 3944 736 4017 paullo
754 3962 843 4015 supra:
864 3941 919 3994 hier
939 3943 1087 3999 rercrdnete
1103 3947 1242 4022 dasgesetz

52 4028 110 4083 dass
130 4031 359 4104 waimnrermdgcn
380 4031 427 4084 auf
440 4032 557 4086 landrins
575 4031 696 4101 (ἔγγυον
713 4033 808 4103 τόκον)
828 4031 882 4085 und
901 4030 974 4084 nicht
990 4032 1038 4087 auf
1051 4037 1144 4092 seczins
1160 4042 1241 4110 (ναυ-

53 4119 130 4168 τικὸν
147 4119 240 4189 τόκον)
258 4119 421 4191 ausgeiiehen
441 4120 541 4175 werden
560 4120 643 4174 sollte.

90 4213 121 4280 3)
140 4227 224 4284 neque
238 4208 259 4262 si
279 4227 340 4261 eum
361 4209 450 4262 idcicro
469 4209 548 4279 (1.1.)
568 4209 712 4266 ναυτικούς
732 4220 817 4264 mutas
837 4211 863 4264 in
882 4213 999 4260 ναυτικὰ
1015 4213 1049 4270 ἐς.
1112 4233 1117 4238 ·

90 4298 259 4371 4)s11spicor
279 4298 306 4351 in
325 4299 430 4351 serratis
450 4297 580 4351 vocabulis
600 4300 706 4372 vestigia
722 4319 851 4373 superesse
866 4301 1013 4358 huiusmodi
1025 4303 1142 4362 lectionis
1162 4293 1241 4370 οὗτος

52 4382 87 4434 δὲ
105 4388 222 4435 ναυτικὰ
239 4403 254 4430 a
272 4403 287 4430 a
306 4404 320 4431 s
339 4389 406 4447 μνᾶς
422 4385 583 4454 daupeinai,
602 4398 633 4441 ut
653 4389 678 4441 in
700 4388 828 4443 Demosth.
848 4408 870 4443 c.
887 4390 985 4464 nphob.
1005 4397 1031 4458 Ι,
1048 4415 1072 4465 p.
1084 4399 1236 4472 816,§11‚

54 4473 104 4524 καὶ
122 4476 214 4525 ταῦτα
231 4473 281 4538 μὲν
300 4475 369 4525 οἶκοι
389 4474 519 4526 κατέλιπε
538 4476 643 4545 πάντα,
662 4479 777 4528 ναυτικὰ
795 4477 822 4530 δ’
839 4477 1034 4546 ἑβδομήκοντα
1047 4488 1121 4544 μνᾶς.

1025 4569 1082 4619 423
