2842 5018
748 287 789 347 84

176 467 271 548 εἶναι,
304 466 382 542 door
414 469 453 534 θι
476 470 491 533 ε’
499 469 609 552 θέλῃ,
632 466 869 554 elegantissime
892 469 1024 555 quidem
1049 489 1106 556 pro
1128 471 1172 536 ml
1196 474 1314 537 ἑαυτῶν
1335 479 1368 537 et

176 589 257 664 ὅπως
276 590 316 657 dn
335 588 490 666 ἐθέλωσιν,
510 587 565 656 sed
584 587 695 654 minus
714 590 908 655 conveniens
927 591 1036 675 graeci
1055 593 1215 657 sermonis
1234 591 1369 678 legibus.

174 711 236 792 Qut
269 709 346 776 talia
377 708 529 775 conflavit
560 729 597 774 ex
627 709 772 774 oratione
798 709 868 794 ipsa
892 708 1024 775 meliora
1048 709 1173 776 discere
1196 719 1368 798 potuerat,

173 850 250 899 nam
274 850 348 896 mox
372 830 576 917 sequitur¹):
610 828 727 902 τούτοις
751 830 765 894 ὂ
790 830 878 908 νόμος
903 830 1035 907 δίδωσιν,
1059 828 1113 896 loro
1136 829 1273 905 ἄπαιδες
1295 829 1366 909 ὦσι,

172 951 327 1019 θιιιθέσθιιι
354 951 406 1016 τὰ
429 952 558 1016 circio
581 958 614 1015 et
637 949 795 1029 σκέψαισθε
816 950 850 1016 δὲ
874 950 928 1015 rori
952 947 1028 1015 διότι
1051 951 1112 1016 οὐδ’
1135 949 1176 1016 ἂν
1198 951 1299 1026 ἄπαις
1321 976 1367 1024 τις

172 1069 193 1153 ᾗ
215 1070 312 1153 κύριός
337 1072 403 1137 ἐστι
424 1072 476 1136 ιθ
499 1071 623 1135 αὑτοῦ
647 1068 815 1146 διθιθέσθιιι,
841 1070 895 1135 ἐὰν
918 1073 962 1149 μὴ
986 1065 1022 1135 εὖ
1044 1077 1148 1154 φρονῇ.

219 1192 308 1272 Quae
346 1191 379 1256 in
410 1190 491 1276 legis
521 1188 660 1255 formula
692 1196 874 1274 sequuntur
904 1189 992 1254 nulla
1024 1189 1133 1255 addita
1163 1191 1367 1258 circumscri-

170 1313 282 1400 ptione
304 1319 414 1399 aperte
437 1309 516 1377 falsa
536 1318 632 1376 sunt:
655 1311 825 1376 nonenim
846 1311 1023 1397 unicuique
1042 1310 1118 1376 licet
1137 1317 1367 1378 testamentum

169 1430 277 1499 iacere
320 1433 354 1498 si
393 1429 547 1497 liberis
582 1429 792 1496 masculis
827 1431 1030 1515 genuinis
1066 1437 1196 1496 caret.
1247 1430 1366 1526 illelius

169 1551 320 1639 Isaeus2)
353 1550 446 1617 docet
469 1548 684 1636 legislatorem
708 1550 806 1616 ctiam
831 1570 963 1617 curasse
986 1549 1065 1638 quid
1090 1550 1160 1617 lieri
1184 1559 1365 1636 oporteret,

170 1673 207 1738 si
237 1670 365 1737 liliae
396 1677 521 1736 natae
543 1676 708 1745 essent;
731 1668 848 1736 melius
871 1677 979 1736 orator
1004 1672 1072 1756 ipso
1097 1679 1206 1736 noster
1231 1672 1265 1736 in
1289 1672 1366 1758 legis

166 1791 436 1879 interpretatione
449 1788 490 1878 3);
512 1789 635 1875 »legem
656 1789 842 1869 audivistis,
862 1809 946 1877 quae
966 1797 1160 1857 testamenta
1182 1789 1291 1857 lacere
1306 1811 1366 1859 non

170 1912 267 1989 sinit,
299 1911 335 1976 si
368 1908 498 1976 liberi
528 1910 619 1976 sint
649 1911 861 1996 genuini.’'
907 1911 999 1977 Alius
1031 1932 1107 1977 vero
1130 1911 1220 1978 locus
1243 1913 1362 2000 lsaei⁴t

170 2031 253 2098 milri
282 2029 378 2096 obiici
409 2037 529 2116 potest,
559 2048 656 2115 quem
688 2031 756 2116 ipse
785 2048 884 2115 supra
907 2029 1051 2107 laudavi;
1075 2038 1108 2097 at
1132 2031 1222 2098 aliud
1244 2034 1367 2099 oratori

170 2151 258 2218 aliud
276 2150 452 2236 legislatori
472 2132 633 2235 agendum
653 2159 712 2214 est.
745 2149 838 2215 Hunc
858 2151 945 2215 enim
965 2152 1173 2237 perspicuum
1195 2170 1367 2240 esseopor-

169 2279 219 2339 tet
241 2290 301 2336 nec
323 2268 501 2356 quidquam
527 2288 589 2334 non
614 2268 848 2355 complectatur
867 2290 1017 2346 necesse;
1042 2273 1162 2337 oratori
1182 2291 1259 2339 vero
1280 2249 1367 2358 igno-

171 2391 219 2458 sci
249 2396 372 2476 potest,
403 2388 488 2475 quod
520 2387 579 2454 hoo
611 2387 679 2455 loco
709 2408 841 2475 prorsus
872 2391 1019 2456 omiserit
1050 2391 1152 2476 legem
1185 2390 1225 2458 de
1254 2412 1367 2460 eorum

168 2516 364 2578 testamento
396 2509 453 2594 qui
483 2506 565 2573 lilios
596 2507 817 2593 reliquerunt,
850 2529 926 2575 cum
960 2511 1040 2576 satis
1071 2519 1235 2578 constaret
1260 2512 1368 2580 Philo·

168 2639 351 2698 clemonem
384 2626 472 2693 nulla
503 2627 591 2713 prole
621 2627 733 2694 relicta
767 2628 960 2707 decessisse,
998 2636 1030 2695 et
1058 2629 1117 2696 hoc
1142 2632 1172 2697 ei
1195 2634 1229 2697 in
1252 2635 1370 2718 primis

170 2749 330 2837 agendum
362 2755 447 2815 osset
478 2755 516 2812 ut
547 2746 733 2814 adversario
763 2747 1001 2817 demonstraret
1030 2770 1105 2818 eum
1129 2771 1233 2838 neque
1254 2751 1369 2819 surore

168 2888 274 2957 neque
293 2875 458 2936 senectute
474 2865 678 2934 debilitatum
696 2876 925 2936 testamentum
942 2870 1071 2944 iecisse3
1084 2872 1265 2939 rectissime
1276 2873 1366 2939 enim

168 2989 320 3058 censebat
350 2987 430 3054 haec
460 2987 500 3053 ab
529 2987 717 3054 adversario
748 2988 882 3056 allatum
912 2991 971 3067 iri,
995 2991 1051 3077 qui
1075 2990 1157 3056 nihil
1180 2992 1288 3076 magis
1310 3011 1366 3059 cu·

167 3117 260 3197 peret
289 3128 388 3194 quam
420 3116 457 3174 ut
490 3115 721 3174 testamentum
752 3110 884 3175 irritum
914 3109 1076 3178 redderet.
1124 3110 1245 3177 Eodem
1271 3110 1366 3178 modo

167 3228 232 3296 alio
262 3228 331 3294 loco
362 3211 597 3294 nihilomnino
621 3227 742 3295 addens
766 3229 806 3295 de
829 3229 1004 3296 liberorum
1028 3230 1166 3297 orlritate
1188 3230 1269 3297 haec
1292 3238 1366 3296 tan-

165 3358 239 3416 tum
271 3348 349 3413 dicit
360 3346 405 3434 5);
438 3367 520 3412 »non
552 3350 660 3414 omnia
691 3357 884 3416 testamenta
914 3348 965 3414 lex
993 3348 1082 3414 iubet
1106 3369 1175 3415 esse
1195 3356 1285 3428 rata,
1309 3350 1367 3417 sed

166 3489 206 3536 ea
230 3467 430 3534 solummodo
453 3487 535 3553 quae
558 3469 706 3535 scribens
728 3470 867 3555 quisque
894 3488 971 3535 suae
997 3471 1117 3535 mentis
1137 3470 1180 3536 sit
1198 3472 1365 3556 compos.’'

181 3588 276 3676 gSed
307 3588 347 3654 ad
369 3588 451 3674 legis
473 3588 645 3656 formulam
669 3588 782 3663 redeo;
806 3608 984 3674 numquam
1008 3588 1089 3655 mihi
1112 3588 1287 3675 diligenter
1313 3610 1364 3657 re-

165 3709 296 3797 putanti
327 3709 429 3794 ipsius
457 3710 597 3776 oratoris
619 3709 775 3775 vocabula
799 3709 992 3795 persuadere
1016 3710 1107 3795 potui
1130 3709 1162 3775 h.
1187 3709 1209 3776 l.
1234 3719 1363 3778 tantum

165 3837 290 3917 partem
323 3830 422 3894 totius
451 3829 531 3914 legis
563 3828 760 3896 recitandam
794 3829 893 3896 luisse
921 3849 1057 3915 eamque
1077 3840 1202 3916 partem
1228 3850 1365 3918 prorsus

172 3995 378 4014 μ

199 4097 230 4166 1)
249 4112 270 4147 c.
291 4092 380 4165 steph.
401 4095 446 4158 ΙΙ,
466 4095 595 4162 pltea,
617 4094 691 4160 §150

199 4188 230 4256 2)
249 4181 293 4236 off.
313 4187 345 4236 ls.
365 4181 396 4234 de
415 4179 505 4253 Pyrrh.
525 4179 580 4232 lter.
601 4199 624 4252 p.
636 4184 685 4248 42,
707 4183 721 4251 p
746 4184 794 4250 ta,
814 4201 837 4256 p.
850 4186 897 4250 ll,
917 4183 932 4250 d
951 4186 988 4236 68
1008 4192 1033 4236 ot
1055 4182 1126 4236 Plut.
1144 4179 1221 4236 Solon
1241 4183 1287 4234 21.

199 4278 229 4344 a)
247 4292 269 4326 c.
289 4271 378 4343 steph.
398 4273 437 4335 u,
458 4273 584 4341 paras,
603 4271 619 4338 q
638 4274 675 4324 aa
695 4280 722 4323 er
742 4273 786 4326 aa.

198 4366 228 4432 4)
248 4357 433 4414 dormiter.
453 4360 541 4428 p.57,
565 4359 579 4425 ᾗ
600 4361 625 4412 9.

198 4453 228 4525 5)
248 4449 280 4504 de
299 4449 406 4504 Nicostr.
426 4445 480 4499 her.
501 4465 524 4517 p.
539 4449 590 4515 48,
612 4448 625 4513 d
647 4448 689 4500 tt.
