2842 5018
657 291 700 352 89

77 493 195 562 gamus
226 473 408 561 adoptanti,
439 491 515 540 eum
544 472 647 540 tilium
670 471 858 560 adoptatum
881 472 916 538 in
940 471 1118 558 phratriam
1143 469 1272 539 indues·

77 600 147 671 ret,
170 568 348 660 iurandum
370 613 440 660 osse
463 611 523 680 per
545 612 638 659 saera
662 591 775 658 »illurn
798 611 819 658 a
842 611 876 658 se
900 591 1003 658 lilium
1025 589 1135 659 induoi
1156 601 1271 660 natum

75 733 95 780 a
126 715 196 780 eive
227 715 327 780 attioa
356 723 390 780 et
419 713 566 798 legitimo
601 711 731 778 modo.''
778 712 892 799 Itaque
922 719 1091 779 tantum
1120 713 1156 778 is
1178 710 1271 778 ado·

78 834 193 919 ptari
217 835 362 921 potuit
385 834 459 920 qui
482 853 530 900 ex
549 834 666 900 iusto
686 833 846 899 nivium
864 832 1104 898 atticorum
1126 832 1270 898 matri·

78 954 216 1019 nlonio
236 960 363 1019 natus
384 960 489 1019 erat.
537 952 646 1019 Altero
665 953 735 1018 loeo
747 952 773 1041 ¹)
792 951 877 1018 idem
888 959 998 1018 orator
1009 952 1055 1019 ita
1067 950 1165 1018 rerba
1176 950 1268 1028 lesit,

77 1090 115 1139 ae
138 1073 166 1138 si
190 1074 288 1138 moris
310 1072 410 1139 inerit
432 1071 572 1159 aliquem
597 1092 635 1139 er
659 1072 817 1158 proximis
838 1072 985 1158 cognatis
1004 1070 1168 1159 adoptare,
1192 1091 1267 1139 nam

76 1195 163 1260 inter
190 1196 349 1272 rationes,
373 1193 493 1279 quihus
516 1193 678 1260 indioihus
699 1192 893 1279 persuadere
915 1199 1053 1258 eonatnr
1074 1211 1150 1259 eum
1174 1192 1269 1259 euius

73 1332 173 1379 eausa
195 1314 306 1398 agitur
328 1330 441 1380 revera
460 1332 479 1379 a
503 1311 643 1380 Menenia
670 1311 857 1400 adoptatum
877 1331 963 1391 esse,
985 1311 1085 1379 etiam
1105 1310 1184 1378 haee
1203 1319 1269 1388 ost.

74 1431 209 1500 ldeneoli
239 1452 302 1498 non
339 1432 438 1500 alium
470 1451 567 1520 quem
595 1432 763 1519 adoptaret
786 1439 959 1518 cognatum
984 1430 1094 1498 luisse.
1142 1432 1183 1498 At
1207 1430 1268 1499 hoe

72 1554 210 1620 oratoris
241 1559 290 1618 ast
321 1553 510 1632 inventum,
544 1572 618 1619 eom
654 1552 883 1619 Demosthenes
894 1552 921 1639 ²)
947 1551 1073 1638 heptlni
1096 1550 1198 1638 legem
1224 1549 1269 1620 io·

72 1673 158 1739 renti
181 1692 222 1739 ne
245 1673 360 1760 populo
384 1673 416 1739 in
441 1682 607 1761 posteram
631 1674 728 1740 lieeat
750 1675 903 1759 cuiquam
927 1673 1167 1738 immunitatem
1188 1670 1267 1738 dare

72 1799 204 1878 propter
226 1791 258 1857 id
287 1793 394 1878 ipsum
422 1793 629 1870 adversatur,
655 1791 740 1879 quod
765 1799 879 1857 auetor
905 1790 949 1855 sit
972 1788 1207 1876 nequidquam
1228 1788 1268 1858 de

74 1913 144 1975 suis
175 1911 289 1995 opibus
320 1911 391 1976 aliis
417 1912 580 1998 impertiri
601 1909 720 1998 populo
742 1908 856 1982 lineat,
882 1915 978 1994 atque
1000 1909 1045 1974 ita
1068 1907 1193 1993 agendo
1215 1929 1267 1976 os·

74 2025 186 2093 tendat
205 2045 239 2092 se
258 2046 437 2112 numquam
456 2027 572 2114 legisse
592 2047 696 2114 neque
715 2027 910 2095 intellexisse
930 2025 1055 2094 Solonis
1071 2026 1171 2113 leges,
1183 2046 1267 2113 quae

73 2145 206 2212 inheant
237 2147 274 2212 ei
306 2148 375 2213 eui
400 2145 592 2233 legitimi
616 2146 747 2214 lihesi
770 2166 848 2213 non
873 2148 962 2214 sint
986 2146 1122 2215 lieere
1145 2167 1265 2233 qnam

69 2263 203 2331 libeat
235 2264 432 2333 heredem
468 2267 769 2354 instituere³)‚
803 2286 866 2333 non
898 2275 934 2334 ut
961 2285 1078 2352 genere
1103 2268 1265 2354 proximos

68 2385 140 2451 iure
172 2386 423 2471 propinquitatis
453 2384 597 2465 fraudet,
623 2385 677 2453 sed
703 2396 739 2453 ut
762 2387 903 2454 ulilitate
927 2388 959 2453 in
984 2386 1128 2454 medinm
1151 2406 1265 2475 propo·

68 2505 130 2570 sita
160 2501 295 2582 efficiat,
329 2515 365 2571 nt
397 2505 543 2573 homines
574 2507 660 2574 inter
693 2527 728 2574 se
758 2513 885 2575 oertant
913 2505 1090 2575 benefieiis.
1139 2505 1265 2576 Similia

69 2643 197 2711 quoque
221 2624 415 2691 Plutarchus
438 2626 539 2694 tradit
551 2626 590 2715 ⁴).

114 2744 265 2811 Femineo
295 2764 536 2832 nonnumquam
570 2746 737 2833 adoptatas
761 2768 831 2815 esse
863 2748 903 2814 ah
933 2749 1022 2814 Isaeo
1050 2746 1263 2835 discimus‘);

67 2871 210 2932 attamen
244 2864 322 2931 haee
352 2866 483 2953 proprie
513 2865 642 2954 adoptio
671 2870 779 2934 vocari
811 2869 938 2954 nequit,
965 2887 1040 2933 nam
1065 2874 1152 2935 reete
1175 2867 1262 2934 idem

67 2984 165 3051 huius
194 2984 376 3071 adoptionis
408 2984 548 3053 indolem
571 2986 711 3067 indioat,
736 2987 804 3053 soil.
831 2998 866 3053 nt
891 2987 1008 3073 aliquis
1032 3007 1070 3052 ex
1093 2985 1263 3073 adoptatae

68 3103 152 3171 tiliae
184 3104 260 3171 tiliis
291 3107 325 3172 in
354 3105 538 3193 adoptantis
562 3104 694 3173 domum
718 3106 902 3194 adoptetur.
949 3105 1065 3173 Narrat
1089 3107 1175 3173 enim
1202 3105 1261 3173 lia-

66 3225 177 3310 gniam
199 3225 262 3291 sihi
281 3244 340 3312 pro
361 3224 425 3292 lilia
444 3225 613 3313 adoptasse
634 3227 753 3292 sororis
772 3245 851 3292 suae
871 3225 984 3301 liliam:
1005 3228 1055 3292 sin
1076 3234 1184 3294 autem
1206 3225 1261 3293 illa

65 3343 180 3410 acerbo
212 3343 278 3411 fato
306 3344 491 3421 tolleretur,
524 3344 677 3412 Glanooni
709 3343 905 3414 iratri‘eins
939 3349 1066 3414 uterino
1096 3347 1178 3414 bona
1203 3367 1260 3413 sna

66 3462 240 3550 delegasse.
289 3464 390 3531 Filiae
412 3464 516 3549 igitur
538 3464 706 3552 adoptatae
730 3465 854 3532 nullom
880 3467 932 3532 ius
955 3466 1083 3532 videtur
1106 3466 1205 3533 luisse
1227 3467 1259 3529 in

65 3583 149 3649 hona
172 3585 274 3669 patris
298 3584 498 3671 adoptantis,
522 3586 550 3649 si
574 3586 723 3652 interiret
747 3586 816 3670 ipsa
845 3584 986 3650 nondum
1013 3583 1110 3672 (quod
1130 3584 1171 3650 de
1191 3605 1261 3652 meo

65 3701 162 3790 addo)
188 3706 273 3770 natis
296 3705 325 3771 ei
350 3704 475 3780 liberis;
502 3724 575 3770 nam
601 3705 742 3786 Hagnias
765 3703 915 3770 heredem
940 3702 1140 3770 substituens
1163 3703 1260 3769 Glau-

64 3842 202 3901 eonrrm,
228 3825 255 3890 si
282 3823 363 3890 filiae
387 3824 556 3911 adoptatae
581 3824 715 3890 hnmani
733 3821 811 3908 qnid
832 3820 1018 3898 accidisset,
1039 3820 1098 3888 hoe
1118 3820 1260 3908 protento

102 4098 134 4164 1)
153 4093 186 4148 de
205 4096 269 4147 iden.
290 4091 343 4147 her.
364 4093 379 4160 §
400 4096 445 4146 20.

102 4187 134 4253 2)
154 4181 211 4237 adv.
232 4186 304 4256 Lept.
327 4202 350 4254 p.
363 4183 432 4247 888,
452 4183 467 4250 §
488 4185 550 4234 102.
570 4250 581 4262 .
1097 4248 1107 4259 μ

103 4274 134 4341 3)
154 4271 255 4326 ἐξεῖναι
273 4270 373 4320 δοῦναι
390 4269 424 4318 τὰ
443 4267 547 4327 αὑτοῦ,
566 4263 585 4332 ὃ)
604 4266 637 4316 ἄν
655 4283 696 4323 τις
706 4265 860 4330 βούληται,
874 4265 966 4329 idone>
977 4259 1258 4326 παίδιςώσιγνὴσιοι.

105 4364 136 4430 t)
155 4359 249 4426 Solon,
269 4377 290 4413 c.
310 4363 354 4412 nt.

103 4451 135 4518 5)
154 4449 187 4503 de
207 4452 288 4522 lingo.
311 4447 363 4501 her.
384 4467 407 4519 p.
420 4451 468 4515 ot,
489 4448 503 4514 h
525 4450 555 4513 83
575 4443 606 4500 cl
626 4462 729 4520 quoque
745 4463 770 4516 p.
782 4447 828 4510 88,
850 4445 865 4512 d
887 4445 919 4495 ll
942 4451 966 4496 ot
987 4458 1064 4514 snpra
1084 4443 1149 4512 pa,
1169 4460 1194 4495 n.
1214 4446 1239 4495 1.

1058 4532 1092 4580 12
