2842 5018
733 331 797 394 180
888 357 892 361 ·

170 513 322 580 vocabula
337 515 361 602 ¹)
394 514 455 581 lrac
486 515 525 580 dc
549 535 582 580 re
606 517 669 580 ianr
693 516 820 603 saepius
842 514 982 581 laudavi.
1029 515 1107 582 Cum
1132 523 1242 582 autem
1268 522 1357 600 pater

170 637 204 701 in
234 643 425 701 testamento
455 636 636 723 scripsisset
667 637 899 722 patrimonium
932 635 1102 703 locandum
1125 656 1213 714 esse,
1236 643 1360 702 tutores

170 776 246 823 vcro
276 756 408 822 omnino
438 776 501 822 non
533 755 690 824 locassent
723 765 779 822 ant
811 758 945 823 minoris
977 777 1074 843 quam
1097 776 1237 843 aequum
1259 765 1360 834 essct,

170 880 275 965 potuit
298 877 425 943 institui
444 879 543 956 actio,
564 897 646 964 quae
665 875 764 961 φοὶοις
782 878 954 957 μισθώσεως
973 877 1051 944 olaov
1073 878 1196 944 dicitur
1215 896 1235 943 a
1257 896 1360 962 gram·

171 999 298 1065 maticis
321 1008 353 1064 et
375 998 660 1088 lexicographis2).
707 1000 792 1065 Haec
821 999 919 1082 φάσις
942 1019 961 1064 a
983 999 1198 1066 Demosthene
1220 996 1361 1064 indicata

172 1138 241 1187 csse
263 1119 403 1194 videtur,
426 1139 501 1186 eum
525 1121 559 1185 in
582 1129 664 1186 orat.
695 1119 765 1186 adr.
789 1119 1081 1208 Nausimachum)
1105 1138 1239 1186 causam
1261 1125 1361 1184 osteo·

171 1239 236 1319 dit,
267 1239 306 1305 oh
339 1260 434 1327 quam
466 1241 654 1327 Xenopithis
683 1249 716 1307 et
747 1239 953 1307 Nausimaclri
976 1239 1209 1326 patrimonium
1234 1238 1361 1305 nonsit

169 1359 324 1427 locatum:
351 1361 473 1427 »noluit
496 1372 631 1448 patruus
654 1369 760 1429 vester
782 1362 928 1439 locarc,”
952 1361 1074 1448 inquit,
1099 1360 1176 1427 »sed
1196 1379 1275 1424 cum
1294 1378 1359 1426 rem

172 1501 243 1548 eam
274 1481 441 1548 detulisset
471 1483 637 1570 Nicidast)
663 1481 824 1548 iudicibus
847 1482 1009 1569 persuasit
1029 1489 1066 1546 ut
1090 1479 1152 1547 sibi
1175 1478 1360 1546 facultatem

174 1603 287 1668 darent
309 1602 378 1668 cius
398 1600 657 1670 administrandi.
705 1603 771 1669 lloc
791 1604 926 1668 unicum
945 1601 1043 1668 huius
1063 1600 1202 1667 actionis
1218 1602 1359 1666 testimo-

174 1723 265 1788 nium
289 1730 355 1800 est,
380 1724 412 1787 in
437 1742 500 1808 qua
524 1731 688 1808 practerea
711 1723 902 1789 versabatur
924 1742 988 1789 una
1012 1741 1050 1788 ex
1074 1721 1190 1811 Lysiae
1208 1720 1355 1786 orationi·

173 1842 283 1930 host),

218 1964 275 2029 llis
292 1964 477 2051 praemissis
496 1966 598 2051 ipsius
617 1965 784 2061 locationis
803 1967 961 2032 rationem
976 1983 1014 2032 ex
1028 1964 1119 2031 lsaeo
1129 1980 1306 2050 proponam
1316 1961 1359 2049 ὃ);

171 2177 371 2192 m

210 2310 241 2377 1)
258 2325 280 2361 c.
300 2307 393 2378 [tingit.
412 2328 436 2380 p.
446 2312 515 2376 906,
535 2313 550 2379 §
570 2314 604 2365 23
612 2337 618 2368 :
640 2311 731 2361 καίτοι
756 2313 784 2362 οἱ
809 2309 943 2372 ἐβούλετο
971 2309 1078 2367 δίκαιος
1105 2299 1179 2361 εἶναι
1203 2309 1274 2380 περὶ
1303 2307 1364 2366 τοὺς

173 2394 293 2456 παῖδας,
313 2395 374 2460 ἐξῆν
396 2397 470 2465 αὐτῷ
497 2400 568 2448 κατὰ
593 2399 657 2457 τοὺς
683 2399 781 2460 νόμους
807 2398 833 2448 οἳ
851 2405 958 2448 κεῖνται
975 2396 1114 2468 περὶτῶν
1131 2397 1363 2465 ὀρφανῶν-μι-

173 2477 281 2528 ϋθῶσαῡ
296 2477 346 2526 τὸν
358 2467 439 2531 sinor.
456 2509 490 2518 -
508 2482 651 2535 Prudenter
668 2491 757 2536 autem
777 2481 920 2537 carendum
942 2490 980 2536 est
1000 2501 1032 2535 ne
1050 2499 1080 2535 ex
1099 2489 1165 2535 orat.
1186 2478 1248 2535 adv.
1268 2478 1358 2554 Apici.

172 2568 206 2622 de
233 2567 298 2621 falso
323 2567 422 2622 testim.
446 2569 589 2646 quidquam
620 2571 729 2626 uelimus
757 2581 872 2627 statuere
900 2572 931 2625 de
961 2573 1021 2626 iura
1047 2571 1136 2626 attico.
1175 2570 1280 2626 Iuliae
1295 2569 1359 2624 urim

173 2661 210 2734 (p.
221 2662 288 2724 853,
308 2659 323 2728 §
342 2661 390 2729 29)
410 2658 487 2714 haece
503 2659 645 2734 leguntur:
672 2698 748 2716 .....
767 2660 811 2710 ὅτι
826 2660 916 2711 πολλὰ
933 2660 988 2710 τῶν
1007 2660 1077 2722 ἐμῶν
1094 2657 1258 2725 ἐξηλέγχθη
1274 2655 1361 2718 λαβὼν

174 2747 223 2797 καὶ
248 2748 295 2796 τὸν
322 2736 396 2797 οἶκον
419 2746 469 2798 odor
491 2748 629 2810 ἐμίσθωσε
646 2748 711 2798 τῶν
727 2745 836 2808 νόμον
853 2746 1067 2797 κελευόντων
1085 2745 1132 2795 καὶ
1149 2748 1201 2796 τοῦ
1221 2744 1364 2813 πατρὸςέν

174 2834 210 2895 τῇ
233 2830 361 2899 διαθήκῃ
379 2831 550 2898 γράψαντος,
574 2831 609 2891 ὥς
633 2833 684 2898 tyn
712 2829 811 2906 σαφῶς.
828 2827 893 2892 ὑμῖν
917 2829 1058 2886 ἐπιδείξω.
1087 2830 1182 2878 ταῦτα
1200 2827 1252 2890 μὲν
1269 2813 1365 2898 γὰρῆν

172 2915 255 2964 πᾶσιν
278 2912 369 2976 ἰδεῖν,
393 2913 420 2963 οἱ
437 2914 516 2978 νόμοι
537 2915 585 2966 καὶ
606 2915 639 2965 τὸ
661 2913 771 2979 πλῆθος
796 2908 833 2960 ὧν
854 2899 930 2963 οὗτοι
948 2913 1138 2982 διηρπάκεσαν
1154 2913 1320 2979 χρημάτων,
1339 2921 1363 2966 et

173 3004 210 3078 (p.
222 3007 290 3069 861,
312 3005 327 3073 ᾗ
347 3005 396 3074 57)
424 3001 491 3051 οὐδὲ
509 3003 557 3052 τὸν
575 2991 649 3053 οἶνον
666 3000 848 3062 μισθώσαντα
865 3001 931 3050 τῶν
950 3002 1058 3064 νόμον
1076 3000 1303 3056 κελευόντων.
1338 3001 1362 3056 si

173 3092 213 3145 liis
236 3091 298 3146 locis
326 3090 414 3165 aliqua
442 3091 506 3147 fider
535 3090 623 3147 haberi
643 3102 740 3167 posset,
759 3091 833 3146 nohis
852 3090 992 3145 dicendum
1007 3089 1073 3145 foret
1092 3088 1203 3145 Athenis
1223 3090 1309 3164 legem
1328 3089 1361 3144 ri·

173 3182 271 3256 puisse,
300 3200 352 3256 qua
379 3191 479 3236 tutores
505 3182 660 3237 iuberentur
685 3181 780 3255 pupilli
801 3181 990 3255 patrimonium
1012 3179 1102 3235 locare.
1140 3183 1209 3234 Curn
1227 3189 1320 3235 nmen
1335 3179 1362 3232 in

174 3271 293 3343 penninis
312 3279 446 3325 oratorum
466 3270 584 3346 reliquiis
597 3271 700 3326 nullam
718 3271 798 3326 huius
819 3271 857 3325 rei
877 3270 1037 3325 mentionem
1056 3268 1154 3324 faetmn
1173 3267 1323 3337 videamus,
1335 3275 1360 3321 at

174 3368 263 3413 contra
281 3357 381 3432 ubique
398 3378 481 3413 sermo
497 3361 533 3414 ait
551 3361 584 3415 de
601 3361 729 3415 facultate
748 3359 880 3415 tutoribus
899 3378 1013 3414 concessa
1030 3369 1122 3413 utrum
1138 3357 1256 3413 locarent
1271 3377 1304 3413 an
1312 3355 1360 3431 ipsi

174 3447 388 3502 administrarent
398 3448 491 3522 pupilli
502 3451 702 3523 patrimonium,
718 3449 784 3504 nihil
795 3458 875 3504 restat
885 3449 936 3503 uisi
946 3450 1050 3503 reiicere
1059 3447 1123 3502 iuris
1134 3447 1211 3502 attici
1221 3445 1357 3501 doctrinam

174 3539 230 3593 eius
248 3537 295 3612 qui
310 3536 376 3591 hauc
396 3538 538 3592 orationem
554 3539 677 3595 conflarit
697 3548 723 3594 et
741 3558 771 3593 ex
790 3550 924 3594 oratorum
943 3538 1021 3605 locis,
1041 3536 1130 3612 quales
1149 3546 1215 3590 sunt
1227 3533 1357 3598 μισθὸσαι

174 3628 224 3677 τὸν
251 3617 325 3676 οἶνον
352 3628 424 3676 κατὰ
448 3626 562 3684 τούτους
588 3630 652 3687 τοὺς
677 3630 776 3690 νόμους
802 3639 829 3683 et
854 3629 916 3693 ἐξῆν
941 3627 1017 3695 αὐτῷ
1036 3626 1108 3677 κατὰ
1125 3625 1191 3684 τοὺς
1207 3624 1319 3691 νόμους,
1334 3620 1360 3673 οἳ

176 3723 283 3767 κεῖνται
299 3717 366 3784 περὶ
384 3716 438 3765 τῶν
456 3716 591 3785 ὀρφανῶν,
609 3719 748 3780 μισθῶσαι
764 3718 814 3767 τὸν
831 3707 906 3768 οἷκον
923 3717 1012 3772 effecit
1029 3715 1174 3771 secundum
1186 3715 1361 3791 legatarium

174 3806 292 3862 debuisse
312 3806 405 3879 pupilli
425 3807 612 3880 patrimonium
632 3808 721 3861 locare.

211 3901 241 3968 2)
271 3915 334 3971 quos
362 3896 481 3949 laudatos
508 3895 568 3949 vide
597 3915 611 3948 a
642 3897 766 3950 Boeclrlrio
791 3896 845 3966 (die
863 3895 970 3951 staatsh.
989 3895 1034 3949 der
1054 3893 1184 3961 Athenae,
1200 3897 1227 3961 1,
1248 3894 1362 3966 pilo),

174 3987 249 4041 euius
279 3985 425 4059 disquisitio
443 3985 475 4038 de
493 3984 541 4039 liae
557 3985 656 4039 actione
671 3987 822 4059 dignissima
840 3997 878 4039 est
897 4005 963 4060 quae
982 3984 1093 4058 legatur.
1131 3982 1178 4037 Cil'.
1199 4001 1275 4056 porro
1294 3981 1361 4035 Plat-

174 4093 236 4140 ner‚
255 4074 301 4128 der
321 4091 388 4146 proc.
407 4078 446 4142 ll,
466 4094 490 4146 p.
503 4079 538 4127 15
557 4083 585 4128 et
603 4079 657 4171 28)
677 4085 704 4128 et
723 4076 798 4129 licien
816 4075 843 4128 in
863 4075 940 4129 lleier
958 4075 1011 4128 aud
1031 4073 1146 4128 Scirocm.
1163 4072 1210 4126 der
1228 4080 1277 4129 ort
1295 4088 1361 4146 proc.

174 4185 200 4240 p.
209 4167 272 4220 294.

212 4255 243 4323 3)
263 4272 286 4324 p.
298 4254 365 4317 99¹,
386 4254 401 4321 p
420 4255 463 4306 23.

213 4347 243 4412 4)
263 4343 398 4406 φήναντος
415 4341 544 4395 Νικίδου,

213 4435 243 4502 5)
262 4429 330 4499 πρὸς
346 4430 397 4493 τὴν
413 4429 492 4488 φάσιν
510 4431 559 4479 τοῦ
580 4429 724 4499 ὀρφανικοί]
744 4416 838 4499 οἴκου)
853 4431 960 4485 Pitolius
979 4449 1001 4487 τ’.
1023 4430 1100 4490 φάσις
1119 4433 1152 4484 ll.

214 4524 243 4593 6)
262 4519 294 4574 dc
313 4518 420 4574 Philoct.
442 4519 493 4574 lior.
516 4542 538 4594 p.
550 4523 600 4591 59,
622 4523 635 4591 §
657 4524 707 4590 363
726 4519 758 4576 ci.
778 4525 882 4595 p.lli²‚
901 4541 927 4576 n.
946 4526 973 4578 3.
