2842 5018
741 262 783 324 ⁶28

174 464 178 489 ³
214 448 416 534 Quamquam
447 454 522 512 ante
555 444 711 512 Periclem
742 444 792 510 lex
825 443 966 512 nondum
998 443 1125 512 vetabat
1155 447 1362 531 peregrinam

166 566 303 647 ducere,
326 574 460 655 apparet
482 577 589 635 umen
614 566 679 630 iam
704 564 941 650 antiquissimis
961 563 1160 651 temporibus
1179 565 1364 650 oportuisse

166 694 199 754 et
213 704 215 709 ’
229 695 354 773 patrem
384 696 416 754 et
446 693 583 753 matrem
612 684 824 752 Athenienses
855 703 945 762 esse,
969 691 1005 751 ut
1027 682 1121 749 liberi
1144 694 1252 751 essent
1271 686 1359 752 cives

165 807 287 893 optimo
308 809 390 874 iure.
436 807 537 873 Nemo
560 806 667 881 enirn,
687 805 743 890 qui
765 802 863 870 semel
888 803 1152 872 animadverterit
1175 807 1278 891 patri,
1302 808 1362 891 qui

165 926 284 994 liberos
307 929 339 992 in
367 927 547 1014 phratriam
572 925 739 991 induceret
763 923 937 990 iurandum
960 924 1060 990 luisse
1084 944 1118 991 se
1136 927 1245 992 seris
1264 927 1361 1000 τοὺς

166 1046 311 1126 νόμους
329 1046 421 1120 τοὺς
444 1045 648 1125 κειμένους
667 1041 686 1119 ἦ
704 1047 765 1121 μὴν
785 1043 820 1121 ἐξ
838 1046 937 1119 ἀστῆς
958 1045 1010 1109 sel
1030 1046 1189 1123 ἐγγυητῆς
1214 1046 1363 1124 γιιιιιικὸς

166 1166 305 1246 neem
318 1165 360 1254 ¹),
389 1166 534 1232 censebit
567 1166 645 1232 haee
681 1167 831 1231 instituta
867 1164 907 1230 de
937 1165 1151 1232 inscribendis
1181 1167 1293 1234 liberis
1323 1168 1360 1233 in

166 1286 331 1373 phratrias
361 1286 535 1352 sartoribus
569 1285 698 1351 demum
727 1284 860 1370 'legibus
892 1284 977 1351 lacta
1008 1305 1089 1353 esse.
1137 1286 1243 1353 Immo
1265 1306 1363 1366 vero,

166 1406 262 1474 Solon
293 1425 356 1472 non
383 1405 514 1472 ridetur
544 1406 647 1493 legem
676 1407 791 1472 tulisse
822 1414 982 1472 vetantem
1015 1406 1259 1472 matrimonium
1283 1426 1361 1474 cum

165 1527 336 1614 peregrina
367 1526 465 1602 inire,
495 1528 573 1612 quia
605 1527 690 1593 cives
714 1527 776 1611 ipsi
800 1525 834 1590 id
858 1545 921 1590 non
944 1525 1107 1605 lacerent,
1132 1545 1236 1611 neque
1257 1527 1362 1610 igitur

164 1644 235 1732 lege
264 1654 394 1713 vetante
424 1664 504 1731 opus
536 1653 640 1725 esset,
675 1645 729 1711 nbi
753 1645 849 1730 vulgo
873 1665 937 1711 non
960 1651 1052 1712 extra
1075 1645 1217 1712 lllbenas
1242 1666 1360 1714 uxores

165 1784 241 1834 suas
270 1764 332 1831 sibi
366 1773 514 1853 peterent
547 1767 645 1832 eires.
691 1765 772 1832 Cum
798 1785 873 1832 vero
898 1775 1006 1852 postea
1028 1766 1127 1852 prisci
1150 1786 1258 1833 mores
1281 1766 1360 1835 dila·

163 1886 320 1954 berentur
350 1894 383 1951 et
407 1885 710 1954 matrimoniorum
736 1887 919 1972 peregrinis
942 1888 1045 1971 magis
1068 1888 1101 1952 in
1127 1907 1189 1953 usu
1211 1887 1360 1954 venirent

164 2013 197 2073 et
227 2006 321 2073 multi
352 2025 385 2072 se
409 2008 562 2072 continuo
592 2006 623 2071 in
656 2006 778 2072 civium
814 2025 987 2073 numerum
1019 2008 1241 2085 insinuarent,
1274 2007 1362 2099 quod

164 2126 288 2193 faotmn
322 2144 392 2191 esse
425 2125 627 2192 demonstrat
662 2145 773 2193 eorum
809 2126 1000 2205 multitudo,
1035 2129 1092 2213 qui
1115 2146 1362 2212 nonnumquam

165 2247 297 2313 diritate
318 2246 413 2312 eiecti
433 2254 531 2324 aunt,
556 2245 695 2311 Pericles
719 2264 789 2311 eam
815 2245 917 2331 legem
942 2247 1027 2313 tulit.
1075 2246 1154 2314 Cum
1179 2247 1219 2313 de
1241 2246 1360 2314 libero-

165 2384 241 2432 rum
271 2364 459 2432 eondioioue
489 2365 682 2455 agemns²)‚
713 2365 792 2431 haec
824 2368 933 2432 omnia
958 2367 1050 2433 nohis
1073 2367 1259 2434 accuratius
1282 2386 1361 2434 ann·

165 2485 298 2552 eleanda
328 2493 438 2562 erunt,
473 2504 559 2551 nunc
591 2487 671 2551 satis
703 2486 746 2550 sit
776 2485 877 2572 digito
907 2494 1035 2553 tantum
1068 2487 1248 2554 ostendisse
1276 2486 1360 2555 banc

163 2605 268 2691 legem
293 2607 464 2691 postremis
485 2605 557 2672 belli
578 2605 795 2692 peloponnesii
815 2607 1015 2692 temporibus
1034 2606 1235 2692 aliquamdiu
1253 2607 1362 2674 valere

164 2725 299 2791 desiisse
329 2734 362 2791 et
394 2724 548 2792 archonte
579 2724 712 2791 Euclide
743 2724 796 2814 (ol.
821 2725 933 2803 xciv,
964 2725 998 2813 t)
1034 2727 1136 2812 legem
1166 2726 1262 2794 latam
1287 2745 1362 2794 csse

164 2862 323 2922 omnes,
348 2846 539 2931 quiante
564 2843 674 2909 huno
698 2863 851 2910 annum
878 2847 967 2911 nati
990 2854 1135 2914 essent
1158 2846 1360 2913 adnume-

163 2964 318 3032 randos
338 2982 431 3031 esse
451 2964 641 3041 civibus,
662 2964 765 3031 licet
788 2965 1008 3033 alteruter
1027 2975 1253 3054 parentum
1271 2975 1360 3033 tan·

165 3092 249 3150 tum
269 3084 382 3149 civis
403 3091 529 3149 esset.
578 3084 692 3170 ltaque
711 3084 810 3150 etiam
829 3094 901 3172 post
921 3086 1077 3153 Periclem
1098 3087 1119 3151 i.
1133 3107 1163 3173 p.
1185 3085 1358 3173 hellipelo·

165 3204 310 3289 pennesii
330 3202 560 3288 posterioribus
579 3204 674 3269 annis
694 3213 829 3289 possunt
849 3225 918 3272 esse
936 3208 1004 3272 nati
1016 3207 1102 3273 cives
1115 3226 1155 3272 ex
1171 3207 1264 3272 attici
1278 3206 1359 3273 ciris

163 3341 239 3388 curn
271 3323 441 3408 peregrina
472 3329 528 3388 aut
559 3340 599 3387 ex
627 3324 790 3409 peregrini
822 3344 895 3391 cum
921 3326 991 3391 cive
1013 3327 1113 3392 attica
1136 3327 1357 3394 matrimonio.

208 3441 390 3509 Redeamus
419 3442 520 3527 igitur
551 3441 590 3507 ad
623 3442 847 3510 Antisthenen
877 3453 909 3511 et
933 3446 1151 3512 Timotheum.
1200 3445 1292 3526 Quod
1316 3447 1358 3513 ad

161 3562 254 3630 illum
286 3565 402 3629 attinet
434 3560 576 3628 Socratis
606 3563 714 3642 iocus,
747 3584 842 3650 quem
868 3566 1023 3652 Diogenes
1035 3569 1062 3652 ⁸)
1086 3569 1264 3633 memoriae
1283 3585 1355 3653 pro·

161 3683 261 3762 didit,
281 3683 372 3749 nobis
396 3682 567 3769 persuadet
590 3682 812 3771 philosophum
838 3693 950 3751 natum
974 3706 1046 3753 esse
1066 3695 1241 3773 antequam
1265 3687 1354 3755 Peri·

160 3803 226 3871 cles
256 3822 348 3869 suam
377 3803 480 3888 legem
506 3803 616 3870 tulerit
624 3826 632 3878 ;
656 3825 750 3882 narn,
774 3824 848 3870 cum
870 3805 1078 3873 Antisthenes
1102 3808 1136 3872 in
1159 3807 1282 3893 proelio
1305 3815 1354 3873 ta-

159 3924 312 4008 nagrehsi
340 3942 408 3990 rem
439 3932 570 3989 strenue
593 3925 764 4008 gessisset,
794 3923 943 3993 Socrates
970 3925 1090 3994 dixisse
1114 3924 1219 3996 lentur
1243 3946 1351 4005 eum,

195 4248 224 4312 1)
244 4263 265 4298 e.
285 4265 310 4318 g.
330 4248 362 4299 Is.
382 4245 413 4299 de
434 4247 483 4302 Cir.
505 4247 558 4302 ber.
580 4267 602 4320 p.
616 4249 666 4315 70,
686 4247 700 4314 h
721 4247 766 4303 19.

196 4336 226 4403 2)
246 4333 291 4389 lib.
312 4338 401 4403 11‚1‚
422 4341 447 4389 1.

194 4425 225 4494 3)
245 4426 296 4492 Vl,
314 4422 372 4478 init.
