2842 5018
673 257 735 319 104

117 453 168 509 ter
199 442 452 529 perlustramus,
484 459 549 526 quo
579 437 666 506 lacto
695 438 877 508 videbimus
910 440 1034 507 nullum
1063 459 1133 509 esse
1153 440 1308 524 dubium,

116 565 196 651 quin
228 561 316 629 nulla
347 560 430 627 iuris
460 558 657 626 familiarum
692 558 804 647 regula
834 559 921 628 laesa
943 561 987 627 sit
1008 562 1044 628 in
1066 561 1109 628 iis
1131 581 1219 648 quae
1242 583 1307 632 oro·

117 694 203 751 tores
222 683 308 750 lacta
328 702 398 748 esse
417 691 584 754 eburneum
603 679 749 748 lrauclem
771 701 845 748 vero
865 681 1038 768 Plangonis
1058 701 1194 750 cansam
1212 682 1307 755 luisse

116 814 153 870 ut
184 803 320 870 Mantias
352 802 555 889 peieraverit.
602 802 681 867 ilem
712 802 816 888 ipsam
840 801 982 869 breviter
1007 822 1179 890 exponam.
1225 804 1305 873 llam

115 924 215 1012 tias¹)
251 923 438 1002 Thoricins,
470 922 639 990 llantitbei
670 921 774 1001 lilius,
807 923 857 988 vir
886 930 919 990 et
949 923 999 991 rei
1028 924 1181 1011 publicae
1211 924 1305 995 admi·

114 1045 305 1113 nistratione
336 1041 445 1110 claros
471 1050 504 1110 et
526 1043 709 1129 eloquentia
732 1041 818 1110 baud
842 1061 974 1129 prorsus
998 1043 1232 1131 improbanda,
1254 1046 1305 1116 Po.

113 1165 232 1253 lyarati
261 1162 485 1250 Cbolargensis
517 1162 616 1230 liliam
647 1161 803 1241 duxerat,
833 1183 916 1251 qnae
946 1171 1041 1230 antea
1072 1172 1177 1252 nupta
1205 1164 1305 1235 luerat

113 1284 331 1354 Cleomedonti
352 1285 478 1352 Cleonis
501 1283 669 1369 demagcgi
692 1282 769 1352 lilio.
819 1284 903 1351 llaec
922 1284 1061 1351 llantiae
1082 1284 1166 1353 duos
1186 1289 1305 1374 peperit

115 1407 217 1486 filios,
240 1404 474 1484 Mantitbeum,
500 1405 557 1491 qui
579 1403 757 1471 orationem
782 1403 876 1471 babet
900 1404 939 1471 tle
963 1407 1093 1474 nomine
1115 1414 1151 1473 et
1174 1404 1219 1474 de
1238 1406 1305 1476 ‹lote

113 1534 279 1604 materna,
304 1533 338 1592 et
359 1524 495 1592 iratrem
516 1533 597 1591 natu
620 1525 797 1603 minorem,
818 1526 875 1611 qui
898 1544 980 1611 puer
1002 1525 1094 1593 obiit.
1140 1525 1216 1593 llox
1240 1528 1304 1615 ipsa

113 1666 195 1714 uxor
226 1655 354 1712 mortua
389 1653 448 1712 est.
494 1644 580 1711 llaec
611 1645 721 1711 omnia
744 1644 824 1711 nulli
846 1643 944 1711 dubio
966 1645 1103 1713 obnoxia
1126 1654 1216 1715 suut.
1264 1648 1304 1715 lle

113 1767 247 1852 reliquis
269 1772 377 1832 autem
402 1762 475 1830 aliis
497 1761 560 1830 alia
584 1763 751 1840 videntur:
780 1764 940 1851 quomodo
963 1785 1016 1833 res
1039 1785 1110 1833 sese
1134 1767 1304 1853 probabili·

113 1899 163 1954 ter
187 1886 336 1953 babuerit
357 1885 517 1972 explicaro
540 1883 694 1952 conabocz
719 1892 847 1972 praeter
865 1886 1044 1972 legitimam
1066 1906 1202 1956 uxorem
1221 1887 1304 1955 llan-

110 2008 175 2075 tias
205 2006 418 2075 concubinam
449 2005 563 2072 babuit
593 2005 808 2091 Plangonem,
839 2006 999 2093 Pamphili
1030 2006 1150 2087 filiam,
1181 2027 1221 2077 en
1244 2026 1305 2095 qua

112 2127 194 2195 duos
217 2127 359 2213 suscepit
380 2125 516 2203 liberos,
547 2145 627 2211 quos
650 2144 710 2191 uec
733 2123 898 2211 phratriae
923 2145 983 2194 neo
1006 2126 1092 2194 demi
1116 2127 1240 2196 tabulis
1263 2129 1306 2196 in·

112 2249 251 2334 scriptos
270 2247 390 2333 Plango
410 2246 564 2312 Mantiam
584 2252 804 2312 senescentem
826 2243 939 2313 trauca
958 2251 1065 2333 coegit
1084 2269 1145 2336 pro
1157 2250 1306 2336 genuinis

112 2367 283 2451 babere2).
330 2367 505 2452 Postquam
536 2364 571 2432 hi
602 2364 766 2452 phratriae
794 2365 877 2432 libro
900 2367 1050 2455 inseripti
1073 2378 1151 2438 sunt
1174 2371 1307 2439 llantias

112 2496 262 2554 mortuus
285 2495 351 2561 ost;
377 2486 465 2553 demi
488 2485 569 2551 libro
592 2506 668 2552 vero
691 2486 834 2553 nondum
858 2489 1009 2575 inscripti
1032 2499 1126 2557 erant
1147 2498 1183 2559 et
1206 2492 1306 2559 maior

112 2617 190 2673 natu
213 2607 294 2696 (oui,
315 2607 343 2671 si
362 2607 483 2673 oratori
504 2605 628 2685 credis,
648 2626 667 2672 a
686 2616 779 2692 patre
797 2607 906 2675 Boeoti
927 2629 1045 2677 nomen
1065 2609 1206 2678 inditum
1219 2611 1303 2698 erat)

112 2727 231 2795 tabulis
250 2724 455 2792 laxiarcbieis
478 2746 513 2793 se
532 2725 747 2794 llantitbeum
767 2728 899 2795 inscribi
920 2731 1064 2806 curavit;
1085 2749 1157 2797 mox
1177 2739 1306 2797 coutro-

112 2849 217 2915 versia
247 2848 333 2912 inter·
355 2845 518 2936 Polycrati
541 2854 689 2933 nepotem
711 2847 924 2917 llantitbeum
948 2858 981 2917 et
1004 2851 1177 2937 Plangonis
1199 2849 1302 2918 illium

110 2999 323 3016 Μ

110 3088 196 3156 mine,
215 3087 297 3143 alteru
316 3085 348 3140 de
367 3085 441 3153 dalea
466 3083 529 3139 haee
543 3093 633 3138 cotem
653 3104 668 3138 a
685 3082 820 3141 Sobaelero
839 3084 909 3141 baud
929 3085 1026 3142 iniuria
1045 3087 1213 3144 Demostheni
1233 3088 1306 3145 abiu·

110 3177 230 3243 dicatum
252 3176 285 3230 ol.
311 3173 442 3229 Demosth.
466 3172 520 3228 und
545 3191 564 3227 s.
587 3174 639 3228 neit
667 3177 723 3240 ΙΙΙ,
752 3177 782 3241 2,
802 3176 856 3227 225
875 3194 929 3249 sq.;
949 3175 1070 3230 Dinarchi
1095 3197 1149 3233 non
1167 3197 1223 3233 esse
1243 3179 1306 3233 hanc

109 3265 253 3320 orationem
282 3264 336 3337 ipse
362 3281 415 3337 quc
443 3260 550 3316 habitus
577 3272 616 3316 est
646 3279 731 3316 annus
749 3259 911 3317 demonstrat
931 3264 977 3334 (ol.
998 3268 1079 3322 CVlll
1100 3270 1156 3338 ι),),
1184 3286 1249 3322 cum
1266 3267 1306 3322 tti-

110 3353 224 3408 narchus
247 3361 313 3407 tunc
342 3353 384 3406 uix
412 3351 522 3406 sedecim
542 3369 622 3406 annos
640 3359 718 3407 natus
737 3361 802 3404 esset
822 3351 907 3420 (ilion.
928 3353 985 3407 Hal.
1007 3353 1065 3408 nin.
1086 3357 1117 3424 l,
1138 3358 1253 3429 ptem.
1272 3387 1306 3399 -

109 3449 141 3499 ln
166 3440 336 3518 sequentibus
363 3450 482 3521 autem,¹
501 3450 532 3495 ut
557 3440 679 3496 brevitati
698 3439 846 3508 consulam,
866 3450 974 3497 tantum
999 3441 1111 3498 laudubo
1129 3445 1306 3500 crationeml

108 3543 188 3609 atque
205 3538 233 3588 ll
252 3540 279 3586 et
297 3530 435 3604 Plangcuis
452 3529 541 3584 lilium
562 3540 628 3585 natu
647 3529 783 3597 maiorem,
810 3539 839 3584 ut
858 3528 949 3586 turbas
969 3531 1103 3602 minuam,
1122 3538 1251 3589 Boeotum
1267 3533 1305 3589 ‹li-

108 3642 182 3692 cam,
202 3621 330 3696 Polycrati
350 3629 470 3695 nepotem
490 3629 581 3674 eutem
601 3619 783 3674 blantitheum.

147 3714 176 3782 l)
195 3715 269 3782 Quae
288 3729 365 3765 narro
383 3709 472 3765 omnia
489 3707 532 3762 lric
550 3707 607 3785 illic
622 3726 709 3782 spurca
725 3709 753 3762 in
771 3717 883 3784 utraque
900 3709 1303 3786 oratiouelepunturfflautiam

107 3809 235 3857 oratorem
255 3797 333 3854 luisse
351 3797 465 3854 ostendit
485 3796 591 3852 Aristot.
611 3796 687 3852 libet.
708 3800 750 3865 ΙΙ,
764 3801 810 3853 23.

145 3894 175 3962 2)
195 3889 313 3946 Sebaeler
331 3888 363 3958 (Ι.
383 3887 402 3942 l.
423 3908 446 3960 p.
458 3889 526 3957 219)
546 3895 632 3940 censet
651 3886 809 3958 Plangonom
829 3906 881 3942 csse
897 3888 1008 3962 potuisse
1017 3887 1182 3962 repudiatam
1194 3891 1305 3949 nantino

109 3996 227 4046 uxorem,
256 3978 300 4032 sed
328 3977 360 4030 iis
388 3994 456 4051 quae
485 3993 541 4029 mox
568 3973 707 4029 afferemus
736 3975 836 4048 patebit
859 3976 945 4030 virum
968 3975 1148 4033 doctissimum
1172 3980 1305 4036 erravisse.

109 4066 236 4122 llemldus
255 4068 295 4135 (in
312 4065 450 4120 Animadr.
469 4064 500 4118 ad
521 4063 628 4118 Salmas.
642 4062 739 4117 observ.
756 4068 806 4131 Vl,
827 4068 876 4133 14,
896 4069 926 4136 3)
955 4066 1053 4122 iniuria
1071 4067 1198 4140 cogitauit
1213 4067 1249 4122 de
1266 4067 1305 4122 di·

109 4155 211 4229 gamia3
240 4153 316 4207 lleier
344 4153 388 4225 (dc
407 4152 480 4208 bonis
499 4153 615 4208 damnat.
636 4173 661 4226 p.
676 4155 725 4224 69)
745 4153 848 4209 censuit
866 4155 992 4210 llanticm
1010 4155 1113 4212 duxisse
1132 4155 1305 4231 mangonem,

109 4243 152 4300 sed
167 4251 224 4318 post
243 4253 354 4297 mortem
373 4243 465 4317 prioris
480 4243 578 4311 uxorio3
598 4242 703 4298 Platnor
718 4242 810 4312 (Beitr.
829 4263 854 4317 p.
864 4247 917 4296 122
933 4248 1001 4319 sqq.)
1020 4246 1090 4300 idem
1105 4245 1252 4315 indicarit,
1262 4245 1305 4300 sed

109 4332 225 4388 ordinem
255 4331 430 4405 permutarit3
460 4336 528 4388 Gens
557 4342 645 4387 notem
675 4332 734 4401 (des
763 4331 881 4387 orbrecbt
909 4332 937 4387 in
962 4333 1109 4406 ueltpascb.
1134 4333 1259 4392 entuiols.
1279 4338 1305 4402 l,

110 4445 133 4499 p.
146 4426 212 4494 321)
233 4439 336 4476 mecum
354 4420 429 4492 lacit,
450 4422 493 4477 sed
513 4421 594 4478 altero
615 4422 669 4478 loco
685 4424 722 4496 (p.
734 4426 800 4494 332)
823 4421 945 4478 dubitare
965 4422 1076 4480 ridetur.
