2842 5018
754 262 795 324 [εἳ

185 446 366 513 rectissime
399 463 418 511 a
452 443 631 511 recentiore
664 442 795 511 falsario
830 445 1007 530 composita
1040 463 1111 511 esse
1142 454 1313 513 censeatur
1335 445 1375 533 ¹),

184 565 276 632 nolsls
306 564 387 630 nihil
417 562 548 651 prodest
581 562 644 629 nisi
663 562 706 677 in
735 561 775 628 ils
811 580 893 647 quac
927 565 1024 630 eliam
1050 564 1179 632 aliunde
1202 573 1279 631 nola
1299 566 1373 632 sinl.

183 685 262 752 llum
288 693 396 751 aulem
421 685 454 750 in
480 685 549 770 ipsa
572 683 715 751 orellone
743 682 825 748 nihil
846 683 1030 749 inveniatur
1055 704 1118 769 qno
1138 684 1188 750 lex
1207 703 1245 750 ea
1265 682 1374 751 luloia·

181 816 238 872 aur
260 813 317 871 aut
335 803 530 891 explicetur,
554 801 594 868 ad
619 801 697 868 allos
715 800 965 887 confugiendum
989 811 1051 870 εει.
1099 803 1212 869 Plures
1236 805 1271 868 in
1294 806 1373 869 auli·

183 925 308 1013 qullale
338 923 464 990 laholae
495 921 663 988 enslabanl
695 921 812 1007 quibus
846 941 963 987 nomen
994 921 1264 1004 Ἐπιδικαιζόμενος
1290 930 1374 1001 erut,

183 1053 221 1111 ul
255 1042 437 1129 Apollodori
460 1042 598 1130 Carystii
646 1040 804 1127 Anaxippi
851 1040 972 1127 Diphili
1019 1041 1226 1109 Philemonis.
1289 1045 1374 1110 Fieri

182 1171 289 1251 potest
312 1170 350 1228 ut
368 1182 404 1228 ea
425 1161 588 1248 Posidippi
609 1142 716 1226 labala
737 1180 833 1246 quam
856 1161 1088 1246 Harpocration
1102 1161 1129 1248 ²)
1149 1161 1259 1228 lundal
1277 1164 1373 1228 eliam

183 1283 243 1350 hoc
268 1284 301 1348 in
325 1290 517 1367 argumenlo
540 1289 668 1352 versele
691 1279 798 1347 luerit.
847 1280 969 1346 Harum
994 1290 1103 1348 lamen
1127 1301 1203 1348 oum
1228 1281 1317 1347 nullo
1336 1281 1375 1348 ad

184 1411 327 1469 noslram
360 1410 497 1469 aetatem
531 1402 732 1489 peruenerit,
756 1399 905 1467 lorlunee
927 1402 1033 1486 gralia
1055 1400 1178 1468 leolum
1201 1409 1270 1480 est,
1293 1401 1376 1488 quad

184 1523 357 1597 Terenllns
386 1520 567 1608 Apollodori
595 1520 865 1603 Ἐπιδικαιζάμενον
889 1521 923 1585 in
946 1519 1138 1586 Phormione
1165 1542 1224 1587 sno
1247 1541 1375 1608 expres·

182 1642 279 1717 serim
302 1641 405 1727 legem
430 1643 532 1727 igilur
555 1642 688 1707 allisam
712 1639 878 1706 illustrare
900 1638 1039 1706 conabor
1062 1659 1102 1706 ex
1123 1641 1246 1707 comico
1266 1640 1376 1708 latino.

184 1761 351 1848 Legunlur
374 1768 483 1827 aulem
508 1760 586 1826 haec
600 1760 643 1847 3);

272 1881 323 1947 lox
343 1890 393 1948 esl
413 1880 566 1947 ul'orlrae
585 1881 642 1966 qui
662 1888 738 1945 sunt
757 1898 875 1964 genere
894 1879 1044 1966 proxumi
1065 1880 1106 1945 iis
1126 1879 1267 1947 nubant:

274 2009 306 2066 el
327 1999 398 2065 illos
417 2000 537 2066 ducere
557 1998 670 2065 eadem
692 1998 770 2065 haec
790 1999 841 2065 lex
862 1999 961 2067 iubet.

184 2119 250 2193 Hoc
270 2139 397 2213 quoque
417 2127 546 2195 nostrae
565 2117 645 2208 legis
666 2124 763 2204 capul
784 2119 816 2183 in
838 2117 949 2185 eadem
970 2119 1134 2186 comoedia
1155 2120 1375 2208 inveniturllz

642 2257 754 2303 ueram
779 2239 806 2302 si
827 2246 963 2323 cognala
982 2247 1030 2308 esl
1051 2259 1217 2318 maxume,

365 2377 429 2429 non
448 2356 512 2429 lull
531 2376 661 2424 necesse
680 2357 814 2431 habere:
837 2357 892 2429 sed
913 2358 945 2423 id
965 2357 1050 2445 qnod
1069 2357 1120 2427 lex
1140 2358 1230 2426 iubet

365 2477 472 2546 dolum
496 2477 633 2553 darelis;
658 2489 828 2564 quaereret
851 2478 951 2546 alium
976 2481 1095 2564 virum.

183 2597 384 2680 Quibuscum
409 2598 539 2664 omnino
563 2597 756 2664 conferenda
780 2598 912 2687 sunt⁵):

869 2717 902 2784 id
925 2718 1010 2805 quod
1033 2718 1084 2785 lex
1108 2719 1198 2787 iubet

298 2835 404 2903 dalem
429 2835 524 2914 dere,
546 2835 670 2903 abduce
693 2836 792 2903 hanc:
816 2838 923 2903 minas
946 2839 1088 2924 quinque
1111 2841 1231 2928 accipe.

182 2955 339 3030 Videmus
366 2957 469 3045 igilur
501 2976 577 3023 cum
610 2957 761 3024 Terentio
783 2955 833 3029 vel
857 2957 965 3046 potius
985 2958 1174 3045 Apollodoro
1198 2978 1377 3046 congruere

181 3097 218 3144 ea
251 3097 335 3163 quae
363 3075 518 3163 leguntur
551 3077 584 3143 in
618 3077 712 3142 inille
743 3076 824 3160 legis
852 3077 887 3141 in
910 3078 1054 3146 oratione
1077 3078 1233 3150 adversus
1255 3080 1375 3147 Macar·

181 3205 286 3263 lulum
318 3204 474 3263 servolae.
521 3197 559 3262 ln
593 3194 700 3261 fabula
731 3186 897 3280 praelenea
927 3215 1032 3262 sermo
1064 3204 1113 3264 est
1144 3197 1183 3264 de
1207 3199 1271 3264 alia
1294 3201 1374 3286 legis

181 3300 273 3414 parte
308 3335 407 3402 quam
442 3335 500 3389 suo
531 3313 600 3383 lacu
618 3315 645 3401 θ)
679 3315 928 3401 tractavimus.'
958 3315 1080 3385 Deinde
1109 3325 1238 3385 lanlum
1270 3318 1372 3404 legera

180 3435 313 3503 laudare
344 3434 473 3500 videtur
499 3440 663 3520 quatenus
684 3431 825 3498 officium
848 3434 1274 3520 ponlaoosiomedlmnornm
1299 3459 1374 3504 con·

181 3556 301 3639 lineal;
332 3554 384 3625 his
415 3553 538 3620 scilicet
570 3552 626 3618 dos
658 3553 800 3641 quinque
831 3554 994 3620 minarum
1026 3555 1093 3625 sive
1121 3556 1371 3642 quingentarum

181 3675 413 3752 drachmarum
447 3671 648 3742 numeranda
682 3680 775 3749 erat,
812 3673 876 3741 nisi
906 3671 959 3743 lex
988 3674 1087 3743 allice
1119 3694 1231 3745 reuera
1264 3697 1373 3744 omnes

218 3969 250 4037 1)
266 3965 300 4020 oi.
320 3964 424 4019 Fronhe
440 3964 469 4018 in
488 3964 606 4021 lenisuhe
622 3965 686 4028 Zeit.
708 3968 799 4034 1844,
821 3968 909 4038 praa
929 3983 982 4040 sqq.

217 4057 250 4125 2)
268 4074 291 4108 n
311 4056 409 4117 θῆτες.

216 4145 247 4213 a)
267 4147 296 4210 1,
314 4145 348 4210 o,
366 4145 410 4196 rs.

216 4234 250 4302 a)
268 4235 306 4298 rr,
326 4235 361 4298 a,
380 4234 426 4285 os.

214 4323 246 4392 s)
265 4324 307 4387 ll,
326 4324 360 4387 a,
379 4323 424 4374 eu.

215 4412 351 4484 u)p.16,
371 4429 395 4462 n.
416 4412 431 4461 1
458 4426 511 4480 sqq.
