2842 5018
679 258 740 320 128

114 462 176 531 que
198 442 279 511 :fieri
305 439 443 508 'solitum
470 457 539 506 esse
562 437 614 505 die
638 440 791 525 septimo;
816 439 867 507 ille
890 449 1057 529 praeterea
1081 441 1179 510 atiert
1202 440 1310 511 locum

113 584 152 631 ex
184 563 327 630 oratione
358 561 473 649 Lysiae
504 559 574 626 adv.
604 558 783 638 Eteoclem,
807 563 833 626 el
858 562 984 641 poncia.
1033 561 1096 630 Sed
1119 560 1309 630 eorumdem

112 689 400 769 exstant'quoque
432 679 494 747 alia
526 680 709 746 testimonia
723 679 768 768 ¹),
798 680 866 747 loco
896 702 972 748 vcro
1003 681 1119 748 alieno.
1168 682 1311 768 Uterque

111 801 218 882 scil.,·
236 803 297 868 nisi
329 801 433 867 mavis
464 800 714 887 Harpocration,
746 820 764 865 a
795 821 859 888 quo
892 800 1008 869 Suidas
1032 821 1092 868 sua
1116 801 1254 880 sumsit,
1277 802 1310 867 in

112 931 192 989 orat.
224 943 254 989 c.
288 921 540 1010 Theocrinem²)
570 920 713 1006 legerat,
738 921 835 987 sicuti
860 921 958 987 etiam
983 940 1069 987 nunc
1093 921 1233 1007 legitur:
1258 945 1309 999 κι-

110 1042 179 1125 ιιοδν
210 1041 241 1106 δὲ
264 1040 464 1115 διαλιπόντας
487 1049 551 1116 τοῖς
575 1043 680 1114 οὐτοῖς
703 1040 818 1124 τούτοις
843 1039 1146 1124 ἑνδεκάζοντοις
1172 1040 1226 1107 ool
1246 1047 1307 1107 ’τῶν

110 1163 211 1228 οὔτῶν
233 1164 316 1244 ἱερῶν
337 1166 559 1235 κοινωνοῦντας.
607 1159 690 1226 Vera
714 1159 823 1237 lectio,
844 1160 906 1226 etsi
926 1159 1115 1246 turpissime
1135 1158 1309 1247 depravata

111 1290 238 1349 servata
269 1289 318 1348 est
350 1299 368 1346 a
395 1279 504 1347 codice
528 1281 671 1367 parisino
694 1299 757 1344 non
782 1280 827 1345 ita
852 1299 989 1364 magnae
1012 1280 1220 1346 auctoritatis
1245 1278 1309 1369 (cui

111 1422 268 1469 numerus
288 1408 337 1466 est
359 1401 477 1490 2936),
492 1400 545 1467 ubi
558 1421 615 1487 pro
628 1397 845 1481 ἐνδεκοέζοντοος
857 1398 977 1484 legitur
989 1396 1308 1479 οννενδεκοοτίζοντοος,

109 1519 196 1587 unde
225 1518 405 1587 eruendum
438 1527 488 1585 est
519 1520 811 1597 οννδεκοιτεάοντκς,
844 1519 865 1587 i.
890 1539 920 1585 e.
948 1538 1010 1584 una
1036 1518 1202 1586 decimum
1223 1518 1307 1586 diem

111 1637 319 1706 celebrantes.
367 1638 637 1724 Praepositionem
669 1639 724 1705 τάν
757 1660 827 1707 eam
861 1641 927 1705 vim
953 1639 1086 1717 habere,
1113 1658 1179 1725 qua
1200 1641 1232 1705 ἐν
1257 1658 1308 1706 ca·

111 1766 199 1836 reat,
232 1776 293 1822 non
326 1756 484 1843 estquod
510 1778 675 1838 moneam,
697 1780 800 1847 neque
826 1768 996 1846 utramque
1021 1759 1206 1846 saepissime
1230 1778 1305 1825 con-

113 1877 220 1963 itesam
249 1898 331 1946 esse.
380 1876 464 1959 Quid
488 1877 624 1960 δεκάζειν
648 1879 692 1944 sit
716 1880 782 1965 ipse
806 1879 1037 1965 Harpocration
1059 1877 1154 1944 docet
1168 1877 1213 1966 3),
1235 1878 1306 1944 scil.

110 1997 234 2065 iudices
266 1997 353 2065 cord
376 1997 509 2070 δεκάδος
534 2016 758 2085 corrumpere,
783 2018 865 2084 quae
887 1996 1081 2084 significatio
1105 2006 1217 2064 nostro
1241 1995 1309 2065 loco

110 2137 173 2183 non
198 2119 362 2196 convenit,
387 2137 461 2184 nam
487 2137 591 2183 sermo
614 2125 664 2184 est
687 2116 726 2183 de
749 2137 915 2184 sacrorum
941 2118 1179 2184 communione.
1218 2116 1308 2199 Quod

110 2238 138 2303 si
163 2237 425 2324 Harpocrationis
449 2237 672 2303 testimonium
685 2236 711 2325 4)
738 2258 849 2304 verum
874 2244 923 2304 est
945 2237 1076 2326 Lysiam
1102 2237 1152 2304 vel
1177 2238 1309 2304 omnino

109 2363 276 2423 auctorem
309 2352 464 2423 orationis
491 2375 519 2421 c.
552 2353 714 2422 llteoclem
750 2377 844 2424 usum
869 2364 946 2424 esse
964 2357 1118 2425 vocabulo
1141 2356 1307 2438 ἑβδομεδε-

110 2478 197 2554 σάοι,
231 2474 309 2562 quid
340 2473 476 2562 impedit
507 2476 680 2560 quominus
711 2485 821 2543 noster
845 2477 1058 2565 usurpaverit>
1075 2477 1188 2544 eodem
1214 2475 1308 2543 modo

109 2595 283 2662 formatum
314 2594 559 2673 ονοδεκκτεδειν,
584 2596 669 2682 quod
701 2596 975 2683 Schneiderum⁵)
1000 2617 1128 2684 quoque
1152 2596 1306 2665 maluisse

109 2714 217 2783 uideo?
265 2715 372 2782 Unum
406 2713 522 2781 addere
554 2715 632 2782 utile
663 2716 805 2783 videtur:
834 2738 915 2804 quae
938 2717 1158 2804 lexicographi
1182 2717 1224 2784 de
1247 2717 1304 2783 hoo

108 2834 257 2900 instituto
287 2834 492 2902 tradiderunt
521 2834 672 2922 pleraque
704 2846 917 2904 manaverunt
948 2855 985 2902 ex
1015 2835 1116 2904 schol.
1139 2836 1181 2903 ad
1205 2837 1303 2904 Arist.

108 2953 245 3042 nvespz

200 3077 230 3148 ἐς
254 3073 385 3151 δεκάτην
407 3075 471 3158 γάρ
495 3100 570 3143 ποτε
594 3076 755 3158 ποοιδοορίον
779 3077 897 3152 κληθεὶς
923 3075 1066 3143 ὑπέπινον
1090 3079 1121 3143 ἐν
1144 3075 1236 3142 ἄστει

199 3193 289 3275 κᾶρτι
312 3196 467 3262 κοιδεῦδον.

155 3310 296 3378 Tandem
334 3333 409 3380 vero
443 3315 609 3382 veniamus
641 3314 682 3381 ad
713 3317 818 3403 ipsum
851 3314 1062 3398 ἀποκηρύξεως
1093 3317 1303 3393 institutum,

107 3430 207 3517 quod,
240 3450 316 3499 cum
348 3431 558 3501 iamdudum
592 3442 734 3502 tractare
764 3436 1006 3502 instituerimus
1037 3442 1170 3522 propter
1191 3435 1303 3503 Demo·

147 3724 177 3793 1)
198 3741 222 3776 u.
241 3721 446 3788 ἐκδικάζοντες.

56 3831 59 3837 ·
145 3815 175 3883 2)
195 3809 353 3882 [Demosth]
374 3815 494 3883 p1335,
513 3813 528 3880 §
549 3815 592 3865 40.

145 3905 175 3972 3)
195 3920 217 3955 r.
236 3896 418 3966 Ἀνασνκλῆςς
437 3898 469 3953 cf.
484 3899 573 3953 Aesclr.
589 3917 610 3953 c.
631 3899 697 3952 uim.
710 3918 734 3969 p.
746 3901 827 3968 12‚§
849 3902 892 3954 86.

146 3992 176 4060 4)
195 4008 219 4042 v.
240 3986 470 4049 ἕβδομοτομένου,

145 4080 175 4148 5)
194 4077 243 4131 lux.
264 4095 286 4130 v.
306 4075 451 4142 ἕνδεκάζοι,

101 4193 119 4202 .,
145 4167 176 4236 6)
195 4182 230 4219 ro.
251 4166 318 4232 lam
337 4163 369 4219 ci.
389 4163 503 4219 eiusdem
524 4163 629 4219 fabulae
649 4182 682 4218 vs.
703 4165 757 4217 922
776 4181 813 4237 eq.

339 4253 387 4303 οὐκ
406 4253 469 4322 ἄρτι
486 4253 548 4304 δύο
565 4256 617 4320 τὴν
635 4252 757 4318 δεκάτην
775 4250 881 4316 ταύτης
897 4249 961 4314 ἐγώ,

340 4333 388 4383 καὶ
405 4334 515 4397 τοῦνομ’
534 4336 623 4402 ὥσπερ
638 4333 742 4402 παιδίῳ
760 4334 810 4383 νῦν
827 4333 864 4398 δὴ
881 4331 1002 4402 ’δέμηνς
1066 4330 1071 4341 ’

109 4428 136 4473 et
156 4415 296 4491 Hesychius
316 4437 337 4473 v.
360 4418 466 4483 δεκάτῃ
486 4418 517 4489 (l.
540 4416 673 4484 δεκάτην)
691 4416 807 4480 θύομεν.
