<?xml version="1.0" encoding="UTF-8"?>
<!DOCTYPE html PUBLIC "-//W3C//DTD XHTML 1.0 Transitional//EN"
    "http://www.w3.org/TR/xhtml1/DTD/xhtml1-transitional.dtd">
<html xmlns="http://www.w3.org/1999/xhtml" xml:lang="en" lang="en">
 <head>
  <title>
</title>
<meta http-equiv="Content-Type" content="text/html;charset=utf-8" />
  <meta name='ocr-system' content='tesseract 3.04.00' />
  <meta name='ocr-capabilities' content='ocr_page ocr_carea ocr_par ocr_line ocrx_word'/>
</head>
<body>
  <div class='ocr_page' id='page_1' title='image "./deiurefamiliaru00esgoog_0186.png"; bbox 0 0 2842 5018; ppageno 0'>
   <div class='ocr_carea' id='block_1_1' title="bbox 706 302 766 364">
    <p class='ocr_par' dir='ltr' id='par_1_1' title="bbox 706 302 766 364">
     <span class='ocr_line' id='line_1_1' title="bbox 706 302 766 364; baseline -0.033 0"><span class='ocrx_word' id='word_1_1' title='bbox 706 302 766 364; x_wconf 80' lang='lat'><strong>¹71</strong></span> 
     </span>
    </p>
   </div>
   <div class='ocr_carea' id='block_1_2' title="bbox 111 473 1330 3918">
    <p class='ocr_par' dir='ltr' id='par_1_2' title="bbox 117 473 1330 2364">
     <span class='ocr_line' id='line_1_2' title="bbox 132 473 1330 569; baseline -0.002 -21"><span class='ocrx_word' id='word_1_2' title='bbox 132 482 168 549; x_wconf 91' lang='lat' dir='ltr'><strong>is</strong></span> <span class='ocrx_word' id='word_1_3' title='bbox 201 473 287 569; x_wconf 84' lang='lat' dir='ltr'><strong>pati</strong></span> <span class='ocrx_word' id='word_1_4' title='bbox 320 483 468 549; x_wconf 90' lang='lat' dir='ltr'><strong>debeat</strong></span> <span class='ocrx_word' id='word_1_5' title='bbox 501 491 570 548; x_wconf 90' lang='lat' dir='ltr'><strong>aut</strong></span> <span class='ocrx_word' id='word_1_6' title='bbox 603 482 792 550; x_wconf 88' lang='lat' dir='ltr'><strong>solvere’&#39;</strong></span> <span class='ocrx_word' id='word_1_7' title='bbox 847 483 917 549; x_wconf 87' lang='lat' dir='ltr'><strong>Mox</strong></span> <span class='ocrx_word' id='word_1_8' title='bbox 950 484 1054 569; x_wconf 87' lang='lat' dir='ltr'><strong>pergit</strong></span> <span class='ocrx_word' id='word_1_9' title='bbox 1076 481 1116 569; x_wconf 70' lang='grc' dir='ltr'><strong>ι);</strong></span> <span class='ocrx_word' id='word_1_10' title='bbox 1142 479 1241 546; x_wconf 73' lang='lat' dir='ltr'><strong>»illud</strong></span> <span class='ocrx_word' id='word_1_11' title='bbox 1267 498 1330 547; x_wconf 92' lang='lat' dir='ltr'><strong>una</strong></span> 
     </span>
     <span class='ocr_line' id='line_1_3' title="bbox 125 599 1329 688; baseline -0.002 -20"><span class='ocrx_word' id='word_1_12' title='bbox 125 622 277 680; x_wconf 91' lang='lat' dir='ltr'><strong>mecum,</strong></span> <span class='ocrx_word' id='word_1_13' title='bbox 308 602 537 681; x_wconf 73' lang='lat' dir='ltr'><strong>Athenienses,</strong></span> <span class='ocrx_word' id='word_1_14' title='bbox 563 604 776 669; x_wconf 74' lang='lat' dir='ltr'><strong>memineritis</strong></span> <span class='ocrx_word' id='word_1_15' title='bbox 800 602 913 681; x_wconf 92' lang='lat' dir='ltr'><strong>velim,</strong></span> <span class='ocrx_word' id='word_1_16' title='bbox 938 602 1236 688; x_wconf 84' lang='lat' dir='ltr'><strong>legislatorem</strong></span> <span class='ocrx_word' id='word_1_17' title='bbox 1261 599 1329 666; x_wconf 90' lang='lat' dir='ltr'><strong>hic</strong></span> 
     </span>
     <span class='ocr_line' id='line_1_4' title="bbox 132 711 1328 811; baseline -0.003 -23"><span class='ocrx_word' id='word_1_18' title='bbox 132 711 313 789; x_wconf 90' lang='lat' dir='ltr'><strong>nondum</strong></span> <span class='ocrx_word' id='word_1_19' title='bbox 345 724 462 810; x_wconf 89' lang='lat' dir='ltr'><strong>loqui</strong></span> <span class='ocrx_word' id='word_1_20' title='bbox 495 743 585 788; x_wconf 91' lang='lat' dir='ltr'><strong>oum</strong></span> <span class='ocrx_word' id='word_1_21' title='bbox 612 743 760 809; x_wconf 93' lang='lat' dir='ltr'><strong>puero,</strong></span> <span class='ocrx_word' id='word_1_22' title='bbox 785 723 855 790; x_wconf 92' lang='lat' dir='ltr'><strong>sed</strong></span> <span class='ocrx_word' id='word_1_23' title='bbox 878 743 965 790; x_wconf 88' lang='lat' dir='ltr'><strong>cum</strong></span> <span class='ocrx_word' id='word_1_24' title='bbox 990 724 1115 811; x_wconf 91' lang='lat' dir='ltr'><strong>pueri</strong></span> <span class='ocrx_word' id='word_1_25' title='bbox 1140 737 1328 788; x_wconf 93' lang='lat' dir='ltr'><strong>necessa·</strong></span> 
     </span>
     <span class='ocr_line' id='line_1_5' title="bbox 129 840 1327 929; baseline -0.002 -22"><span class='ocrx_word' id='word_1_26' title='bbox 129 843 227 910; x_wconf 88' lang='lat' dir='ltr'><strong>riis:</strong></span> <span class='ocrx_word' id='word_1_27' title='bbox 250 852 372 929; x_wconf 91' lang='lat' dir='ltr'><strong>patre</strong></span> <span class='ocrx_word' id='word_1_28' title='bbox 396 842 609 910; x_wconf 85' lang='lat' dir='ltr'><strong>iratribus</strong></span> <span class='ocrx_word' id='word_1_29' title='bbox 631 850 775 910; x_wconf 90' lang='lat' dir='ltr'><strong>tutore</strong></span> <span class='ocrx_word' id='word_1_30' title='bbox 795 842 1017 928; x_wconf 83' lang='lat' dir='ltr'><strong>magistris</strong></span> <span class='ocrx_word' id='word_1_31' title='bbox 1037 840 1218 926; x_wconf 90' lang='lat' dir='ltr'><strong>denique</strong></span> <span class='ocrx_word' id='word_1_32' title='bbox 1237 858 1327 905; x_wconf 88' lang='lat' dir='ltr'><strong>cum</strong></span> 
     </span>
     <span class='ocr_line' id='line_1_6' title="bbox 125 959 1327 1048; baseline -0.002 -21"><span class='ocrx_word' id='word_1_33' title='bbox 125 964 182 1029; x_wconf 90' lang='lat' dir='ltr'><strong>iis</strong></span> <span class='ocrx_word' id='word_1_34' title='bbox 203 963 243 1027; x_wconf 94' lang='lat' dir='ltr'><strong>in</strong></span> <span class='ocrx_word' id='word_1_35' title='bbox 265 982 449 1048; x_wconf 86' lang='lat' dir='ltr'><strong>quorum·</strong></span> <span class='ocrx_word' id='word_1_36' title='bbox 466 969 685 1048; x_wconf 85' lang='lat' dir='ltr'><strong>potestate</strong></span> <span class='ocrx_word' id='word_1_37' title='bbox 705 965 806 1028; x_wconf 88' lang='lat' dir='ltr'><strong>est.’&#39;</strong></span> <span class='ocrx_word' id='word_1_38' title='bbox 852 963 1009 1028; x_wconf 86' lang='lat' dir='ltr'><strong>Miramur</strong></span> <span class='ocrx_word' id='word_1_39' title='bbox 1028 959 1219 1027; x_wconf 83' lang='lat' dir='ltr'><strong>Aeschinem</strong></span> <span class='ocrx_word' id='word_1_40' title='bbox 1241 960 1327 1026; x_wconf 88' lang='lat' dir='ltr'><strong>inter</strong></span> 
     </span>
     <span class='ocr_line' id='line_1_7' title="bbox 127 1079 1325 1169; baseline -0.003 -21"><span class='ocrx_word' id='word_1_41' title='bbox 127 1083 219 1169; x_wconf 91' lang='lat' dir='ltr'><strong>pueri</strong></span> <span class='ocrx_word' id='word_1_42' title='bbox 250 1083 448 1148; x_wconf 90' lang='lat' dir='ltr'><strong>necessarios</strong></span> <span class='ocrx_word' id='word_1_43' title='bbox 480 1082 577 1146; x_wconf 93' lang='lat' dir='ltr'><strong>etiam</strong></span> <span class='ocrx_word' id='word_1_44' title='bbox 599 1082 680 1154; x_wconf 58' lang='lat' dir='ltr'><strong>,eius</strong></span> <span class='ocrx_word' id='word_1_45' title='bbox 713 1083 885 1166; x_wconf 86' lang='lat' dir='ltr'><strong>magistros</strong></span> <span class='ocrx_word' id='word_1_46' title='bbox 914 1098 1100 1158; x_wconf 90' lang='lat' dir='ltr'><strong>numerare,</strong></span> <span class='ocrx_word' id='word_1_47' title='bbox 1130 1099 1194 1166; x_wconf 83' lang='lat' dir='ltr'><strong>qua</strong></span> <span class='ocrx_word' id='word_1_48' title='bbox 1224 1079 1257 1143; x_wconf 95' lang='lat' dir='ltr'><strong>in</strong></span> <span class='ocrx_word' id='word_1_49' title='bbox 1289 1096 1325 1145; x_wconf 89' lang='lat' dir='ltr'><strong>re</strong></span> 
     </span>
     <span class='ocr_line' id='line_1_8' title="bbox 125 1199 1325 1288; baseline -0.004 -20"><span class='ocrx_word' id='word_1_50' title='bbox 125 1211 238 1288; x_wconf 88' lang='lat' dir='ltr'><strong>aperte</strong></span> <span class='ocrx_word' id='word_1_51' title='bbox 261 1200 361 1278; x_wconf 90' lang='lat' dir='ltr'><strong>iallit,</strong></span> <span class='ocrx_word' id='word_1_52' title='bbox 387 1200 443 1268; x_wconf 91' lang='lat' dir='ltr'><strong>sed</strong></span> <span class='ocrx_word' id='word_1_53' title='bbox 467 1200 616 1267; x_wconf 89' lang='lat' dir='ltr'><strong>lubenter</strong></span> <span class='ocrx_word' id='word_1_54' title='bbox 637 1202 667 1266; x_wconf 91' lang='lat' dir='ltr'><strong>ei</strong></span> <span class='ocrx_word' id='word_1_55' title='bbox 691 1201 901 1286; x_wconf 81' lang='lat' dir='ltr'><strong>ignoscimus,</strong></span> <span class='ocrx_word' id='word_1_56' title='bbox 926 1220 999 1267; x_wconf 90' lang='lat' dir='ltr'><strong>nam</strong></span> <span class='ocrx_word' id='word_1_57' title='bbox 1019 1199 1126 1286; x_wconf 86' lang='lat' dir='ltr'><strong>legum</strong></span> <span class='ocrx_word' id='word_1_58' title='bbox 1148 1199 1325 1285; x_wconf 87' lang='lat' dir='ltr'><strong>imperitis·</strong></span> 
     </span>
     <span class='ocr_line' id='line_1_9' title="bbox 120 1315 1321 1408; baseline -0.003 -20"><span class='ocrx_word' id='word_1_59' title='bbox 120 1323 224 1389; x_wconf 87' lang='lat' dir='ltr'><strong>simos</strong></span> <span class='ocrx_word' id='word_1_60' title='bbox 248 1321 347 1388; x_wconf 85' lang='lat' dir='ltr'><strong>luisse</strong></span> <span class='ocrx_word' id='word_1_61' title='bbox 371 1315 583 1387; x_wconf 83' lang='lat' dir='ltr'><strong>Athenienses</strong></span> <span class='ocrx_word' id='word_1_62' title='bbox 605 1323 759 1408; x_wconf 84' lang='lat' dir='ltr'><strong>exemplis</strong></span> <span class='ocrx_word' id='word_1_63' title='bbox 784 1320 895 1387; x_wconf 90' lang='lat' dir='ltr'><strong>multis</strong></span> <span class='ocrx_word' id='word_1_64' title='bbox 919 1327 1061 1394; x_wconf 88' lang='lat' dir='ltr'><strong>constat;</strong></span> <span class='ocrx_word' id='word_1_65' title='bbox 1082 1320 1146 1384; x_wconf 90' lang='lat' dir='ltr'><strong>nisi</strong></span> <span class='ocrx_word' id='word_1_66' title='bbox 1169 1317 1321 1396; x_wconf 77' lang='lat' dir='ltr'><strong>fortasse,</strong></span> 
     </span>
     <span class='ocr_line' id='line_1_10' title="bbox 120 1432 1319 1528; baseline -0.003 -21"><span class='ocrx_word' id='word_1_67' title='bbox 120 1449 160 1508; x_wconf 89' lang='lat' dir='ltr'><strong>ut</strong></span> <span class='ocrx_word' id='word_1_68' title='bbox 193 1432 274 1508; x_wconf 87' lang='lat' dir='ltr'><strong>mihi</strong></span> <span class='ocrx_word' id='word_1_69' title='bbox 307 1440 374 1507; x_wconf 85' lang='lat' dir='ltr'><strong>iere</strong></span> <span class='ocrx_word' id='word_1_70' title='bbox 404 1440 596 1528; x_wconf 84' lang='lat' dir='ltr'><strong>persuadeo,</strong></span> <span class='ocrx_word' id='word_1_71' title='bbox 621 1439 699 1505; x_wconf 92' lang='lat' dir='ltr'><strong>illud</strong></span> <span class='ocrx_word' id='word_1_72' title='bbox 723 1441 918 1515; x_wconf 60' lang='grc' dir='ltr'><strong>διδασκάλοις</strong></span> <span class='ocrx_word' id='word_1_73' title='bbox 943 1442 976 1505; x_wconf 92' lang='lat' dir='ltr'><strong>in</strong></span> <span class='ocrx_word' id='word_1_74' title='bbox 1001 1448 1126 1506; x_wconf 88' lang='lat' dir='ltr'><strong>textum</strong></span> <span class='ocrx_word' id='word_1_75' title='bbox 1151 1437 1319 1524; x_wconf 84' lang='lat' dir='ltr'><strong>irrepserit</strong></span> 
     </span>
     <span class='ocr_line' id='line_1_11' title="bbox 121 1557 1321 1647; baseline -0.003 -19"><span class='ocrx_word' id='word_1_76' title='bbox 121 1581 163 1628; x_wconf 84' lang='lat' dir='ltr'><strong>er</strong></span> <span class='ocrx_word' id='word_1_77' title='bbox 193 1561 278 1629; x_wconf 89' lang='lat' dir='ltr'><strong>malo</strong></span> <span class='ocrx_word' id='word_1_78' title='bbox 307 1559 412 1627; x_wconf 89' lang='lat' dir='ltr'><strong>seduli</strong></span> <span class='ocrx_word' id='word_1_79' title='bbox 442 1560 572 1626; x_wconf 90' lang='lat' dir='ltr'><strong>lectoris</strong></span> <span class='ocrx_word' id='word_1_80' title='bbox 596 1559 779 1646; x_wconf 89' lang='lat' dir='ltr'><strong>diligentia,</strong></span> <span class='ocrx_word' id='word_1_81' title='bbox 803 1563 874 1647; x_wconf 92' lang='lat' dir='ltr'><strong>qui,</strong></span> <span class='ocrx_word' id='word_1_82' title='bbox 899 1580 973 1627; x_wconf 88' lang='lat' dir='ltr'><strong>omn</strong></span> <span class='ocrx_word' id='word_1_83' title='bbox 999 1561 1030 1624; x_wconf 93' lang='lat' dir='ltr'><strong>in</strong></span> <span class='ocrx_word' id='word_1_84' title='bbox 1056 1557 1321 1646; x_wconf 85' lang='lat' dir='ltr'><strong>praecedentibus</strong></span> 
     </span>
     <span class='ocr_line' id='line_1_12' title="bbox 122 1677 1321 1765; baseline -0.002 -19"><span class='ocrx_word' id='word_1_85' title='bbox 122 1689 191 1748; x_wconf 89' lang='lat' dir='ltr'><strong>tam</strong></span> <span class='ocrx_word' id='word_1_86' title='bbox 215 1681 316 1747; x_wconf 87' lang='lat' dir='ltr'><strong>multa</strong></span> <span class='ocrx_word' id='word_1_87' title='bbox 338 1681 377 1748; x_wconf 94' lang='lat' dir='ltr'><strong>de</strong></span> <span class='ocrx_word' id='word_1_88' title='bbox 402 1679 470 1745; x_wconf 92' lang='lat' dir='ltr'><strong>ludi</strong></span> <span class='ocrx_word' id='word_1_89' title='bbox 495 1681 662 1764; x_wconf 83' lang='lat' dir='ltr'><strong>magistris</strong></span> <span class='ocrx_word' id='word_1_90' title='bbox 682 1679 829 1765; x_wconf 83' lang='lat' dir='ltr'><strong>legisset,</strong></span> <span class='ocrx_word' id='word_1_91' title='bbox 855 1679 913 1745; x_wconf 92' lang='lat' dir='ltr'><strong>boc</strong></span> <span class='ocrx_word' id='word_1_92' title='bbox 934 1677 1004 1744; x_wconf 89' lang='lat' dir='ltr'><strong>ioco</strong></span> <span class='ocrx_word' id='word_1_93' title='bbox 1022 1697 1076 1745; x_wconf 90' lang='lat' dir='ltr'><strong>eos</strong></span> <span class='ocrx_word' id='word_1_94' title='bbox 1095 1679 1232 1744; x_wconf 92' lang='lat' dir='ltr'><strong>omissos</strong></span> <span class='ocrx_word' id='word_1_95' title='bbox 1251 1697 1321 1744; x_wconf 89' lang='lat' dir='ltr'><strong>esse</strong></span> 
     </span>
     <span class='ocr_line' id='line_1_13' title="bbox 119 1797 1319 1887; baseline -0.004 -21"><span class='ocrx_word' id='word_1_96' title='bbox 119 1801 304 1868; x_wconf 90' lang='lat' dir='ltr'><strong>mirabatur</strong></span> <span class='ocrx_word' id='word_1_97' title='bbox 330 1809 363 1866; x_wconf 97' lang='lat' dir='ltr'><strong>et</strong></span> <span class='ocrx_word' id='word_1_98' title='bbox 389 1806 557 1887; x_wconf 87' lang='lat' dir='ltr'><strong>propterea</strong></span> <span class='ocrx_word' id='word_1_99' title='bbox 586 1802 617 1864; x_wconf 90' lang='lat' dir='ltr'><strong>in</strong></span> <span class='ocrx_word' id='word_1_100' title='bbox 643 1801 790 1884; x_wconf 91' lang='lat' dir='ltr'><strong>margine</strong></span> <span class='ocrx_word' id='word_1_101' title='bbox 814 1800 865 1865; x_wconf 92' lang='lat' dir='ltr'><strong>sui</strong></span> <span class='ocrx_word' id='word_1_102' title='bbox 888 1797 962 1863; x_wconf 91' lang='lat' dir='ltr'><strong>libri</strong></span> <span class='ocrx_word' id='word_1_103' title='bbox 986 1817 1098 1863; x_wconf 92' lang='lat' dir='ltr'><strong>eorum</strong></span> <span class='ocrx_word' id='word_1_104' title='bbox 1123 1798 1319 1862; x_wconf 87' lang='lat' dir='ltr'><strong>mentionem</strong></span> 
     </span>
     <span class='ocr_line' id='line_1_14' title="bbox 120 1914 1320 2003; baseline -0.002 -19"><span class='ocrx_word' id='word_1_105' title='bbox 120 1919 272 1985; x_wconf 80' lang='lat' dir='ltr'><strong>faciebat.</strong></span> <span class='ocrx_word' id='word_1_106' title='bbox 319 1919 352 1984; x_wconf 92' lang='lat' dir='ltr'><strong>Si</strong></span> <span class='ocrx_word' id='word_1_107' title='bbox 383 1929 491 1986; x_wconf 89' lang='lat' dir='ltr'><strong>tamen</strong></span> <span class='ocrx_word' id='word_1_108' title='bbox 519 1921 624 2003; x_wconf 86' lang='lat' dir='ltr'><strong>magis</strong></span> <span class='ocrx_word' id='word_1_109' title='bbox 657 1927 800 1984; x_wconf 88' lang='lat' dir='ltr'><strong>attentus</strong></span> <span class='ocrx_word' id='word_1_110' title='bbox 829 1915 942 1983; x_wconf 87' lang='lat' dir='ltr'><strong>inisset</strong></span> <span class='ocrx_word' id='word_1_111' title='bbox 966 1914 1006 1982; x_wconf 93' lang='lat' dir='ltr'><strong>ad</strong></span> <span class='ocrx_word' id='word_1_112' title='bbox 1030 1919 1172 2001; x_wconf 88' lang='lat' dir='ltr'><strong>eaquae</strong></span> <span class='ocrx_word' id='word_1_113' title='bbox 1195 1916 1229 1980; x_wconf 90' lang='lat' dir='ltr'><strong>in</strong></span> <span class='ocrx_word' id='word_1_114' title='bbox 1253 1919 1320 2003; x_wconf 89' lang='lat' dir='ltr'><strong>pri·-</strong></span> 
     </span>
     <span class='ocr_line' id='line_1_15' title="bbox 122 2036 1320 2127; baseline -0.003 -22"><span class='ocrx_word' id='word_1_115' title='bbox 122 2038 236 2105; x_wconf 89' lang='lat' dir='ltr'><strong>oribus</strong></span> <span class='ocrx_word' id='word_1_116' title='bbox 259 2037 377 2124; x_wconf 90' lang='lat' dir='ltr'><strong>legerat</strong></span> <span class='ocrx_word' id='word_1_117' title='bbox 391 2041 436 2127; x_wconf 86' lang='lat'><strong>²):</strong></span> <span class='ocrx_word' id='word_1_118' title='bbox 463 2041 510 2105; x_wconf 81' lang='lat' dir='ltr'><strong>»si</strong></span> <span class='ocrx_word' id='word_1_119' title='bbox 536 2046 627 2126; x_wconf 90' lang='lat' dir='ltr'><strong>pater</strong></span> <span class='ocrx_word' id='word_1_120' title='bbox 648 2045 703 2104; x_wconf 89' lang='lat' dir='ltr'><strong>aut</strong></span> <span class='ocrx_word' id='word_1_121' title='bbox 724 2036 825 2103; x_wconf 88' lang='lat' dir='ltr'><strong>trater</strong></span> <span class='ocrx_word' id='word_1_122' title='bbox 844 2045 900 2102; x_wconf 90' lang='lat' dir='ltr'><strong>aut</strong></span> <span class='ocrx_word' id='word_1_123' title='bbox 922 2043 1058 2123; x_wconf 91' lang='lat' dir='ltr'><strong>patruus</strong></span> <span class='ocrx_word' id='word_1_124' title='bbox 1078 2043 1135 2100; x_wconf 91' lang='lat' dir='ltr'><strong>aut</strong></span> <span class='ocrx_word' id='word_1_125' title='bbox 1154 2042 1242 2101; x_wconf 91' lang='lat' dir='ltr'><strong>tutor</strong></span> <span class='ocrx_word' id='word_1_126' title='bbox 1261 2047 1320 2102; x_wconf 92' lang='lat' dir='ltr'><strong>aut</strong></span> 
     </span>
     <span class='ocr_line' id='line_1_16' title="bbox 117 2154 1317 2243; baseline -0.002 -19"><span class='ocrx_word' id='word_1_127' title='bbox 117 2156 261 2243; x_wconf 87' lang='lat' dir='ltr'><strong>donique</strong></span> <span class='ocrx_word' id='word_1_128' title='bbox 281 2159 309 2222; x_wconf 84' lang='lat' dir='ltr'><strong>is</strong></span> <span class='ocrx_word' id='word_1_129' title='bbox 328 2159 361 2223; x_wconf 88' lang='lat' dir='ltr'><strong>in</strong></span> <span class='ocrx_word' id='word_1_130' title='bbox 381 2159 477 2224; x_wconf 90' lang='lat' dir='ltr'><strong>cuius</strong></span> <span class='ocrx_word' id='word_1_131' title='bbox 498 2177 596 2224; x_wconf 91' lang='lat' dir='ltr'><strong>manu</strong></span> <span class='ocrx_word' id='word_1_132' title='bbox 616 2165 664 2223; x_wconf 92' lang='lat' dir='ltr'><strong>est</strong></span> <span class='ocrx_word' id='word_1_133' title='bbox 684 2157 824 2243; x_wconf 85' lang='lat' dir='ltr'><strong>aliquem</strong></span> <span class='ocrx_word' id='word_1_134' title='bbox 845 2154 992 2222; x_wconf 88' lang='lat' dir='ltr'><strong>mercede</strong></span> <span class='ocrx_word' id='word_1_135' title='bbox 1015 2157 1317 2241; x_wconf 90' lang='lat' dir='ltr'><strong>prostituatoett.,”</strong></span> 
     </span>
     <span class='ocr_line' id='line_1_17' title="bbox 119 2274 927 2364; baseline -0.001 -21"><span class='ocrx_word' id='word_1_136' title='bbox 119 2274 205 2344; x_wconf 90' lang='lat' dir='ltr'><strong>hanc</strong></span> <span class='ocrx_word' id='word_1_137' title='bbox 227 2277 340 2364; x_wconf 90' lang='lat' dir='ltr'><strong>opinor</strong></span> <span class='ocrx_word' id='word_1_138' title='bbox 364 2277 603 2344; x_wconf 89' lang='lat' dir='ltr'><strong>adnotationem</strong></span> <span class='ocrx_word' id='word_1_139' title='bbox 629 2296 692 2342; x_wconf 93' lang='lat' dir='ltr'><strong>non</strong></span> <span class='ocrx_word' id='word_1_140' title='bbox 718 2276 927 2362; x_wconf 87' lang='lat' dir='ltr'><strong>adpinxisset.</strong></span> 
     </span>
    </p>

    <p class='ocr_par' dir='ltr' id='par_1_3' title="bbox 111 2390 1319 3918">
     <span class='ocr_line' id='line_1_18' title="bbox 165 2390 1317 2483; baseline 0 -20"><span class='ocrx_word' id='word_1_141' title='bbox 165 2390 395 2463; x_wconf 87' lang='lat' dir='ltr'><strong>Demosthenes</strong></span> <span class='ocrx_word' id='word_1_142' title='bbox 416 2399 442 2483; x_wconf 75' lang='lat'><strong>³)</strong></span> <span class='ocrx_word' id='word_1_143' title='bbox 479 2396 572 2463; x_wconf 92' lang='lat' dir='ltr'><strong>docet</strong></span> <span class='ocrx_word' id='word_1_144' title='bbox 606 2395 865 2463; x_wconf 87' lang='lat' dir='ltr'><strong>Aristaechmum</strong></span> <span class='ocrx_word' id='word_1_145' title='bbox 896 2395 995 2461; x_wconf 85' lang='lat' dir='ltr'><strong>luisse</strong></span> <span class='ocrx_word' id='word_1_146' title='bbox 1028 2403 1168 2462; x_wconf 89' lang='lat' dir='ltr'><strong>tutorem</strong></span> <span class='ocrx_word' id='word_1_147' title='bbox 1199 2395 1317 2463; x_wconf 88' lang='lat' dir='ltr'><strong>Nausi-</strong></span> 
     </span>
     <span class='ocr_line' id='line_1_19' title="bbox 115 2515 1317 2602; baseline -0.002 -18"><span class='ocrx_word' id='word_1_148' title='bbox 115 2516 228 2584; x_wconf 87' lang='lat' dir='ltr'><strong>maohi</strong></span> <span class='ocrx_word' id='word_1_149' title='bbox 248 2525 281 2582; x_wconf 91' lang='lat' dir='ltr'><strong>et</strong></span> <span class='ocrx_word' id='word_1_150' title='bbox 302 2515 505 2602; x_wconf 88' lang='lat' dir='ltr'><strong>Xenopithis,</strong></span> <span class='ocrx_word' id='word_1_151' title='bbox 527 2516 727 2582; x_wconf 91' lang='lat' dir='ltr'><strong>Nausicratis</strong></span> <span class='ocrx_word' id='word_1_152' title='bbox 746 2515 931 2582; x_wconf 90' lang='lat' dir='ltr'><strong>liberorum.</strong></span> <span class='ocrx_word' id='word_1_153' title='bbox 967 2516 1006 2581; x_wconf 89' lang='lat' dir='ltr'><strong>Hi</strong></span> <span class='ocrx_word' id='word_1_154' title='bbox 1024 2515 1317 2581; x_wconf 84' lang='lat' dir='ltr'><strong>Aristaeclrmiiam</strong></span> 
     </span>
     <span class='ocr_line' id='line_1_20' title="bbox 116 2633 1315 2721; baseline -0.001 -19"><span class='ocrx_word' id='word_1_155' title='bbox 116 2636 175 2702; x_wconf 89' lang='lat' dir='ltr'><strong>diu</strong></span> <span class='ocrx_word' id='word_1_156' title='bbox 208 2636 329 2703; x_wconf 92' lang='lat' dir='ltr'><strong>mortui</strong></span> <span class='ocrx_word' id='word_1_157' title='bbox 360 2643 500 2721; x_wconf 89' lang='lat' dir='ltr'><strong>quatuor</strong></span> <span class='ocrx_word' id='word_1_158' title='bbox 532 2635 614 2701; x_wconf 84' lang='lat' dir='ltr'><strong>filios</strong></span> <span class='ocrx_word' id='word_1_159' title='bbox 637 2638 670 2701; x_wconf 93' lang='lat' dir='ltr'><strong>in</strong></span> <span class='ocrx_word' id='word_1_160' title='bbox 694 2638 745 2702; x_wconf 90' lang='lat' dir='ltr'><strong>ius</strong></span> <span class='ocrx_word' id='word_1_161' title='bbox 769 2643 884 2700; x_wconf 90' lang='lat' dir='ltr'><strong>vocant</strong></span> <span class='ocrx_word' id='word_1_162' title='bbox 907 2634 946 2700; x_wconf 94' lang='lat' dir='ltr'><strong>de</strong></span> <span class='ocrx_word' id='word_1_163' title='bbox 970 2633 1113 2700; x_wconf 86' lang='lat' dir='ltr'><strong>defuncti</strong></span> <span class='ocrx_word' id='word_1_164' title='bbox 1138 2637 1239 2720; x_wconf 91' lang='lat' dir='ltr'><strong>patris</strong></span> <span class='ocrx_word' id='word_1_165' title='bbox 1262 2645 1315 2701; x_wconf 48' lang='lat' dir='ltr'><strong>tu*-</strong></span> 
     </span>
     <span class='ocr_line' id='line_1_21' title="bbox 118 2754 1315 2843; baseline -0.002 -20"><span class='ocrx_word' id='word_1_166' title='bbox 118 2756 193 2823; x_wconf 88' lang='lat' dir='ltr'><strong>tela.</strong></span> <span class='ocrx_word' id='word_1_167' title='bbox 243 2757 345 2822; x_wconf 86' lang='lat' dir='ltr'><strong>Antea</strong></span> <span class='ocrx_word' id='word_1_168' title='bbox 357 2756 382 2843; x_wconf 84' lang='lat'><strong>⁴)</strong></span> <span class='ocrx_word' id='word_1_169' title='bbox 405 2765 513 2822; x_wconf 87' lang='lat' dir='ltr'><strong>autem</strong></span> <span class='ocrx_word' id='word_1_170' title='bbox 534 2757 640 2842; x_wconf 90' lang='lat' dir='ltr'><strong>ipsum</strong></span> <span class='ocrx_word' id='word_1_171' title='bbox 661 2755 923 2822; x_wconf 90' lang='lat' dir='ltr'><strong>Aristaechmum</strong></span> <span class='ocrx_word' id='word_1_172' title='bbox 941 2765 1188 2831; x_wconf 84' lang='lat' dir='ltr'><strong>accusaverant,</strong></span> <span class='ocrx_word' id='word_1_173' title='bbox 1208 2754 1315 2836; x_wconf 83' lang='lat' dir='ltr'><strong>sedab</strong></span> 
     </span>
     <span class='ocr_line' id='line_1_22' title="bbox 116 2863 1314 2961; baseline -0.004 -17"><span class='ocrx_word' id='word_1_174' title='bbox 116 2863 297 2944; x_wconf 87' lang='lat' dir='ltr'><strong>actionibus</strong></span> <span class='ocrx_word' id='word_1_175' title='bbox 329 2875 520 2941; x_wconf 87' lang='lat' dir='ltr'><strong>destiterant</strong></span> <span class='ocrx_word' id='word_1_176' title='bbox 550 2883 742 2961; x_wconf 86' lang='lat' dir='ltr'><strong>pactamque</strong></span> <span class='ocrx_word' id='word_1_177' title='bbox 768 2876 937 2960; x_wconf 90' lang='lat' dir='ltr'><strong>pecuniam</strong></span> <span class='ocrx_word' id='word_1_178' title='bbox 962 2872 1174 2940; x_wconf 85' lang='lat' dir='ltr'><strong>abstulerant.</strong></span> <span class='ocrx_word' id='word_1_179' title='bbox 1222 2875 1314 2940; x_wconf 88' lang='lat' dir='ltr'><strong>Brevi</strong></span> 
     </span>
     <span class='ocr_line' id='line_1_23' title="bbox 113 2993 1312 3084; baseline -0.003 -21"><span class='ocrx_word' id='word_1_180' title='bbox 113 3004 188 3084; x_wconf 90' lang='lat' dir='ltr'><strong>pest</strong></span> <span class='ocrx_word' id='word_1_181' title='bbox 215 3002 324 3061; x_wconf 89' lang='lat' dir='ltr'><strong>autem</strong></span> <span class='ocrx_word' id='word_1_182' title='bbox 349 2995 595 3061; x_wconf 88' lang='lat' dir='ltr'><strong>Aristaechmus</strong></span> <span class='ocrx_word' id='word_1_183' title='bbox 619 2994 705 3060; x_wconf 90' lang='lat' dir='ltr'><strong>diem</strong></span> <span class='ocrx_word' id='word_1_184' title='bbox 730 3015 918 3081; x_wconf 90' lang='lat' dir='ltr'><strong>supremum</strong></span> <span class='ocrx_word' id='word_1_185' title='bbox 943 2993 1080 3072; x_wconf 91' lang='lat' dir='ltr'><strong>obierat,</strong></span> <span class='ocrx_word' id='word_1_186' title='bbox 1104 2994 1312 3060; x_wconf 87' lang='lat' dir='ltr'><strong>Demarctum</strong></span> 
     </span>
     <span class='ocr_line' id='line_1_24' title="bbox 115 3112 1319 3201; baseline 0 -20"><span class='ocrx_word' id='word_1_187' title='bbox 115 3115 291 3182; x_wconf 87' lang='lat' dir='ltr'><strong>liberorum</strong></span> <span class='ocrx_word' id='word_1_188' title='bbox 314 3133 446 3181; x_wconf 90' lang='lat' dir='ltr'><strong>suorum</strong></span> <span class='ocrx_word' id='word_1_189' title='bbox 467 3123 609 3181; x_wconf 89' lang='lat' dir='ltr'><strong>tutorem</strong></span> <span class='ocrx_word' id='word_1_190' title='bbox 632 3115 827 3201; x_wconf 82' lang='lat' dir='ltr'><strong>relinquens</strong></span> <span class='ocrx_word' id='word_1_191' title='bbox 854 3114 928 3180; x_wconf 78' lang='lat' dir='ltr'><strong>‚hex</strong></span> <span class='ocrx_word' id='word_1_192' title='bbox 947 3122 1056 3181; x_wconf 90' lang='lat' dir='ltr'><strong>autem</strong></span> <span class='ocrx_word' id='word_1_193' title='bbox 1075 3121 1146 3179; x_wconf 92' lang='lat' dir='ltr'><strong>erat</strong></span> <span class='ocrx_word' id='word_1_194' title='bbox 1163 3112 1319 3181; x_wconf 71' lang='lat' dir='ltr'><strong>Athenis:</strong></span> 
     </span>
     <span class='ocr_line' id='line_1_25' title="bbox 115 3233 1312 3325; baseline -0.002 -23"><span class='ocrx_word' id='word_1_195' title='bbox 115 3236 233 3322; x_wconf 91' lang='lat' dir='ltr'><strong>quibus</strong></span> <span class='ocrx_word' id='word_1_196' title='bbox 269 3233 307 3299; x_wconf 91' lang='lat' dir='ltr'><strong>de</strong></span> <span class='ocrx_word' id='word_1_197' title='bbox 340 3233 436 3299; x_wconf 88' lang='lat' dir='ltr'><strong>rebus</strong></span> <span class='ocrx_word' id='word_1_198' title='bbox 467 3235 607 3320; x_wconf 89' lang='lat' dir='ltr'><strong>aliquem</strong></span> <span class='ocrx_word' id='word_1_199' title='bbox 641 3238 714 3322; x_wconf 91' lang='lat' dir='ltr'><strong>quis</strong></span> <span class='ocrx_word' id='word_1_200' title='bbox 748 3236 882 3325; x_wconf 91' lang='lat' dir='ltr'><strong>missum</strong></span> <span class='ocrx_word' id='word_1_201' title='bbox 913 3233 1026 3300; x_wconf 87' lang='lat' dir='ltr'><strong>iecerit</strong></span> <span class='ocrx_word' id='word_1_202' title='bbox 1055 3242 1086 3299; x_wconf 90' lang='lat' dir='ltr'><strong>et</strong></span> <span class='ocrx_word' id='word_1_203' title='bbox 1118 3235 1312 3319; x_wconf 89' lang='lat' dir='ltr'><strong>transegerit</strong></span> 
     </span>
     <span class='ocr_line' id='line_1_26' title="bbox 114 3351 1311 3439; baseline -0.003 -19"><span class='ocrx_word' id='word_1_204' title='bbox 114 3354 154 3420; x_wconf 92' lang='lat' dir='ltr'><strong>de</strong></span> <span class='ocrx_word' id='word_1_205' title='bbox 178 3356 218 3420; x_wconf 92' lang='lat' dir='ltr'><strong>iis</strong></span> <span class='ocrx_word' id='word_1_206' title='bbox 240 3352 369 3438; x_wconf 89' lang='lat' dir='ltr'><strong>litigare</strong></span> <span class='ocrx_word' id='word_1_207' title='bbox 393 3373 456 3419; x_wconf 93' lang='lat' dir='ltr'><strong>non</strong></span> <span class='ocrx_word' id='word_1_208' title='bbox 481 3353 589 3420; x_wconf 88' lang='lat' dir='ltr'><strong>licere.</strong></span> <span class='ocrx_word' id='word_1_209' title='bbox 640 3354 706 3420; x_wconf 90' lang='lat' dir='ltr'><strong>Hac</strong></span> <span class='ocrx_word' id='word_1_210' title='bbox 729 3353 798 3439; x_wconf 89' lang='lat' dir='ltr'><strong>lege</strong></span> <span class='ocrx_word' id='word_1_211' title='bbox 818 3352 1033 3419; x_wconf 88' lang='lat' dir='ltr'><strong>Aristaechmi</strong></span> <span class='ocrx_word' id='word_1_212' title='bbox 1053 3351 1145 3419; x_wconf 90' lang='lat' dir='ltr'><strong>liberi</strong></span> <span class='ocrx_word' id='word_1_213' title='bbox 1166 3354 1311 3419; x_wconf 87' lang='lat' dir='ltr'><strong>niteban-</strong></span> 
     </span>
     <span class='ocr_line' id='line_1_27' title="bbox 113 3472 1312 3560; baseline -0.002 -19"><span class='ocrx_word' id='word_1_214' title='bbox 113 3482 187 3553; x_wconf 92' lang='lat' dir='ltr'><strong>tur,</strong></span> <span class='ocrx_word' id='word_1_215' title='bbox 218 3476 438 3560; x_wconf 87' lang='lat' dir='ltr'><strong>exceptionem</strong></span> <span class='ocrx_word' id='word_1_216' title='bbox 471 3483 678 3560; x_wconf 83' lang='lat' dir='ltr'><strong>opponentes.</strong></span> <span class='ocrx_word' id='word_1_217' title='bbox 726 3475 875 3540; x_wconf 87' lang='lat' dir='ltr'><strong>Attamen</strong></span> <span class='ocrx_word' id='word_1_218' title='bbox 900 3473 969 3538; x_wconf 91' lang='lat' dir='ltr'><strong>[ieri</strong></span> <span class='ocrx_word' id='word_1_219' title='bbox 995 3481 1141 3558; x_wconf 87' lang='lat' dir='ltr'><strong>potuerat</strong></span> <span class='ocrx_word' id='word_1_220' title='bbox 1166 3480 1202 3537; x_wconf 92' lang='lat' dir='ltr'><strong>ut</strong></span> <span class='ocrx_word' id='word_1_221' title='bbox 1225 3472 1312 3539; x_wconf 90' lang='lat' dir='ltr'><strong>Nau·</strong></span> 
     </span>
     <span class='ocr_line' id='line_1_28' title="bbox 113 3593 1308 3680; baseline -0.002 -20"><span class='ocrx_word' id='word_1_222' title='bbox 113 3596 242 3660; x_wconf 88' lang='lat' dir='ltr'><strong>sicratis</strong></span> <span class='ocrx_word' id='word_1_223' title='bbox 274 3595 364 3659; x_wconf 91' lang='lat' dir='ltr'><strong>liberi</strong></span> <span class='ocrx_word' id='word_1_224' title='bbox 397 3602 467 3680; x_wconf 90' lang='lat' dir='ltr'><strong>post</strong></span> <span class='ocrx_word' id='word_1_225' title='bbox 502 3595 569 3660; x_wconf 90' lang='lat' dir='ltr'><strong>litis</strong></span> <span class='ocrx_word' id='word_1_226' title='bbox 592 3595 853 3680; x_wconf 91' lang='lat' dir='ltr'><strong>compositionem</strong></span> <span class='ocrx_word' id='word_1_227' title='bbox 880 3613 955 3658; x_wconf 91' lang='lat' dir='ltr'><strong>cnm</strong></span> <span class='ocrx_word' id='word_1_228' title='bbox 979 3611 1037 3657; x_wconf 93' lang='lat' dir='ltr'><strong>suo</strong></span> <span class='ocrx_word' id='word_1_229' title='bbox 1060 3599 1166 3657; x_wconf 88' lang='lat' dir='ltr'><strong>tutore</strong></span> <span class='ocrx_word' id='word_1_230' title='bbox 1189 3593 1308 3658; x_wconf 91' lang='lat' dir='ltr'><strong>iterum</strong></span> 
     </span>
     <span class='ocr_line' id='line_1_29' title="bbox 111 3709 1309 3800; baseline -0.005 -18"><span class='ocrx_word' id='word_1_231' title='bbox 111 3715 328 3800; x_wconf 90' lang='lat' dir='ltr'><strong>suspicionem</strong></span> <span class='ocrx_word' id='word_1_232' title='bbox 353 3733 429 3797; x_wconf 85' lang='lat' dir='ltr'><strong>erga</strong></span> <span class='ocrx_word' id='word_1_233' title='bbox 453 3712 539 3779; x_wconf 89' lang='lat' dir='ltr'><strong>bunc</strong></span> <span class='ocrx_word' id='word_1_234' title='bbox 561 3713 796 3799; x_wconf 89' lang='lat' dir='ltr'><strong>suscepissent;</strong></span> <span class='ocrx_word' id='word_1_235' title='bbox 817 3720 849 3778; x_wconf 93' lang='lat' dir='ltr'><strong>et</strong></span> <span class='ocrx_word' id='word_1_236' title='bbox 868 3710 928 3777; x_wconf 87' lang='lat' dir='ltr'><strong>boc</strong></span> <span class='ocrx_word' id='word_1_237' title='bbox 947 3709 985 3776; x_wconf 95' lang='lat' dir='ltr'><strong>de</strong></span> <span class='ocrx_word' id='word_1_238' title='bbox 1004 3729 1040 3775; x_wconf 90' lang='lat' dir='ltr'><strong>re</strong></span> <span class='ocrx_word' id='word_1_239' title='bbox 1061 3709 1157 3775; x_wconf 91' lang='lat' dir='ltr'><strong>huius</strong></span> <span class='ocrx_word' id='word_1_240' title='bbox 1176 3709 1309 3776; x_wconf 90' lang='lat' dir='ltr'><strong>heredes</strong></span> 
     </span>
     <span class='ocr_line' id='line_1_30' title="bbox 111 3828 1308 3918; baseline -0.003 -18"><span class='ocrx_word' id='word_1_241' title='bbox 111 3837 145 3900; x_wconf 92' lang='lat' dir='ltr'><strong>in</strong></span> <span class='ocrx_word' id='word_1_242' title='bbox 180 3835 232 3900; x_wconf 90' lang='lat' dir='ltr'><strong>ius</strong></span> <span class='ocrx_word' id='word_1_243' title='bbox 264 3830 398 3900; x_wconf 90' lang='lat' dir='ltr'><strong>vocandi</strong></span> <span class='ocrx_word' id='word_1_244' title='bbox 424 3841 534 3909; x_wconf 90' lang='lat' dir='ltr'><strong>erant,</strong></span> <span class='ocrx_word' id='word_1_245' title='bbox 559 3850 633 3898; x_wconf 91' lang='lat' dir='ltr'><strong>nam</strong></span> <span class='ocrx_word' id='word_1_246' title='bbox 659 3833 726 3918; x_wconf 90' lang='lat' dir='ltr'><strong>ipse</strong></span> <span class='ocrx_word' id='word_1_247' title='bbox 750 3852 822 3898; x_wconf 89' lang='lat' dir='ltr'><strong>mox</strong></span> <span class='ocrx_word' id='word_1_248' title='bbox 847 3839 995 3896; x_wconf 90' lang='lat' dir='ltr'><strong>mortuus</strong></span> <span class='ocrx_word' id='word_1_249' title='bbox 1016 3837 1095 3897; x_wconf 88' lang='lat' dir='ltr'><strong>erat.</strong></span> <span class='ocrx_word' id='word_1_250' title='bbox 1145 3828 1207 3896; x_wconf 88' lang='lat' dir='ltr'><strong>Sed</strong></span> <span class='ocrx_word' id='word_1_251' title='bbox 1232 3851 1308 3897; x_wconf 91' lang='lat' dir='ltr'><strong>cum</strong></span> 
     </span>
    </p>
   </div>
   <div class='ocr_carea' id='block_1_3' title="bbox 108 4001 322 4016">
    <p class='ocr_par' dir='ltr' id='par_1_4' title="bbox 108 4001 322 4016">
     <span class='ocr_line' id='line_1_31' title="bbox 108 4001 322 4016; baseline -0.014 0"><span class='ocrx_word' id='word_1_252' title='bbox 108 4001 322 4016; x_wconf 53' lang='lat' dir='ltr'><strong>*uu-—</strong></span> 
     </span>
    </p>
   </div>
   <div class='ocr_carea' id='block_1_4' title="bbox 107 4096 1304 4528">
    <p class='ocr_par' dir='ltr' id='par_1_5' title="bbox 149 4096 357 4172">
     <span class='ocr_line' id='line_1_32' title="bbox 149 4096 357 4172; baseline -0.019 -17"><span class='ocrx_word' id='word_1_253' title='bbox 149 4096 180 4172; x_wconf 83' lang='lat'><strong>1)</strong></span> <span class='ocrx_word' id='word_1_254' title='bbox 199 4099 218 4156; x_wconf 90' lang='lat' dir='ltr'><strong>l.</strong></span> <span class='ocrx_word' id='word_1_255' title='bbox 238 4099 258 4154; x_wconf 90' lang='lat' dir='ltr'><strong>l.</strong></span> <span class='ocrx_word' id='word_1_256' title='bbox 278 4102 293 4169; x_wconf 68' lang='lat' dir='ltr'><strong>t</strong></span> <span class='ocrx_word' id='word_1_257' title='bbox 311 4101 357 4152; x_wconf 85' lang='lat'><strong>18.</strong></span> 
     </span>
    </p>

    <p class='ocr_par' dir='ltr' id='par_1_6' title="bbox 107 4182 1304 4349">
     <span class='ocr_line' id='line_1_33' title="bbox 147 4182 1304 4261; baseline 0 -19"><span class='ocrx_word' id='word_1_258' title='bbox 147 4193 179 4261; x_wconf 84' lang='lat'><strong>2)</strong></span> <span class='ocrx_word' id='word_1_259' title='bbox 197 4189 218 4245; x_wconf 88' lang='lat' dir='ltr'><strong>l.</strong></span> <span class='ocrx_word' id='word_1_260' title='bbox 236 4187 255 4242; x_wconf 85' lang='lat' dir='ltr'><strong>l.</strong></span> <span class='ocrx_word' id='word_1_261' title='bbox 276 4191 343 4260; x_wconf 70' lang='lat' dir='ltr'><strong>pu,</strong></span> <span class='ocrx_word' id='word_1_262' title='bbox 365 4189 379 4256; x_wconf 71' lang='lat' dir='ltr'><strong>t</strong></span> <span class='ocrx_word' id='word_1_263' title='bbox 401 4191 443 4241; x_wconf 84' lang='lat'><strong>13.</strong></span> <span class='ocrx_word' id='word_1_264' title='bbox 482 4186 606 4242; x_wconf 85' lang='lat' dir='ltr'><strong>Formula</strong></span> <span class='ocrx_word' id='word_1_265' title='bbox 630 4185 692 4260; x_wconf 80' lang='lat' dir='ltr'><strong>legis</strong></span> <span class='ocrx_word' id='word_1_266' title='bbox 716 4203 796 4260; x_wconf 89' lang='lat' dir='ltr'><strong>quam</strong></span> <span class='ocrx_word' id='word_1_267' title='bbox 820 4184 923 4258; x_wconf 82' lang='lat' dir='ltr'><strong>exposui</strong></span> <span class='ocrx_word' id='word_1_268' title='bbox 947 4182 965 4237; x_wconf 90' lang='lat' dir='ltr'><strong>l.</strong></span> <span class='ocrx_word' id='word_1_269' title='bbox 987 4183 1004 4239; x_wconf 81' lang='lat' dir='ltr'><strong>l.</strong></span> <span class='ocrx_word' id='word_1_270' title='bbox 1035 4186 1049 4254; x_wconf 84' lang='lat'>§</span> <span class='ocrx_word' id='word_1_271' title='bbox 1072 4188 1106 4240; x_wconf 87' lang='grc'><strong>16</strong></span> <span class='ocrx_word' id='word_1_272' title='bbox 1132 4184 1304 4242; x_wconf 68' lang='lat' dir='ltr'><strong>ascribere</strong></span> 
     </span>
     <span class='ocr_line' id='line_1_34' title="bbox 107 4275 623 4349; baseline -0.006 -16"><span class='ocrx_word' id='word_1_273' title='bbox 107 4279 223 4345; x_wconf 86' lang='lat' dir='ltr'><strong>citatur,</strong></span> <span class='ocrx_word' id='word_1_274' title='bbox 243 4276 287 4331; x_wconf 88' lang='lat' dir='ltr'><strong>scd</strong></span> <span class='ocrx_word' id='word_1_275' title='bbox 306 4276 356 4329; x_wconf 88' lang='lat' dir='ltr'><strong>ista</strong></span> <span class='ocrx_word' id='word_1_276' title='bbox 377 4276 442 4329; x_wconf 87' lang='lat' dir='ltr'><strong>nihil</strong></span> <span class='ocrx_word' id='word_1_277' title='bbox 463 4275 623 4349; x_wconf 87' lang='lat' dir='ltr'><strong>proficimus.</strong></span> 
     </span>
    </p>

    <p class='ocr_par' dir='ltr' id='par_1_7' title="bbox 150 4364 662 4438">
     <span class='ocr_line' id='line_1_35' title="bbox 150 4364 662 4438; baseline -0.006 -17"><span class='ocrx_word' id='word_1_278' title='bbox 150 4372 181 4438; x_wconf 88' lang='lat'><strong>3)</strong></span> <span class='ocrx_word' id='word_1_279' title='bbox 200 4367 257 4421; x_wconf 84' lang='lat' dir='ltr'><strong>adr.</strong></span> <span class='ocrx_word' id='word_1_280' title='bbox 279 4364 392 4419; x_wconf 88' lang='lat' dir='ltr'><strong>Nausim.</strong></span> <span class='ocrx_word' id='word_1_281' title='bbox 413 4385 436 4438; x_wconf 91' lang='lat' dir='ltr'><strong>p.</strong></span> <span class='ocrx_word' id='word_1_282' title='bbox 448 4367 516 4432; x_wconf 77' lang='lat'><strong>987,</strong></span> <span class='ocrx_word' id='word_1_283' title='bbox 537 4368 551 4434; x_wconf 66' lang='lat' dir='ltr'><strong>t</strong></span> <span class='ocrx_word' id='word_1_284' title='bbox 572 4369 588 4418; x_wconf 85' lang='grc'><strong>9</strong></span> <span class='ocrx_word' id='word_1_285' title='bbox 606 4384 662 4438; x_wconf 86' lang='lat' dir='ltr'><strong>sqq.</strong></span> 
     </span>
    </p>

    <p class='ocr_par' dir='ltr' id='par_1_8' title="bbox 151 4453 533 4528">
     <span class='ocr_line' id='line_1_36' title="bbox 151 4453 533 4528; baseline 0 -21"><span class='ocrx_word' id='word_1_286' title='bbox 151 4459 183 4526; x_wconf 80' lang='lat' dir='ltr'><strong>t)</strong></span> <span class='ocrx_word' id='word_1_287' title='bbox 204 4453 222 4508; x_wconf 83' lang='lat' dir='ltr'><strong>l.</strong></span> <span class='ocrx_word' id='word_1_288' title='bbox 243 4454 260 4507; x_wconf 93' lang='lat' dir='ltr'><strong>l.</strong></span> <span class='ocrx_word' id='word_1_289' title='bbox 283 4475 306 4528; x_wconf 87' lang='lat' dir='ltr'><strong>p.</strong></span> <span class='ocrx_word' id='word_1_290' title='bbox 317 4455 387 4521; x_wconf 78' lang='lat'><strong>985,</strong></span> <span class='ocrx_word' id='word_1_291' title='bbox 408 4456 422 4524; x_wconf 65' lang='lat' dir='ltr'><strong>b</strong></span> <span class='ocrx_word' id='word_1_292' title='bbox 444 4458 459 4507; x_wconf 84' lang='lat'>3</span> <span class='ocrx_word' id='word_1_293' title='bbox 480 4473 533 4526; x_wconf 84' lang='lat' dir='ltr'><strong>sqq.</strong></span> 
     </span>
    </p>
   </div>
   <div class='ocr_carea' id='block_1_5' title="bbox 0 0 1426 5018">
    <p class='ocr_par' dir='ltr' id='par_1_9' title="bbox 0 0 1426 5018">
     <span class='ocr_line' id='line_1_37' title="bbox 0 0 1426 5018; baseline 0 4"><span class='ocrx_word' id='word_1_294' title='bbox 0 0 1426 5018; x_wconf 95' lang='lat' dir='ltr'><strong> </strong></span> 
     </span>
    </p>
   </div>
  </div>
 </body>
</html>
