2842 5018
732 293 793 354 ttt

165 478 328 556 ridernns,
360 479 454 543 cuins
486 476 636 564 supplicii
660 479 848 543 memoriam
874 494 913 541 ne
937 474 1101 542 ututur-na
1116 474 1247 562 quidem
1272 483 1364 541 aetas

164 597 269 664 delere
293 605 453 683 potuerat;
469 597 613 683 populus
636 598 721 662 enim
748 596 854 662 locum
878 594 968 661 illum
993 599 1066 677 παρ’
1087 593 1180 662 ἵππον
1200 595 1253 660 καὶ
1274 592 1364 676 κόρην

163 716 341 782 dictitabat.
389 716 446 782 llis
481 736 558 782 uero
600 715 742 782 narratis
774 725 881 782 orator
911 715 1172 802 antiquissimam
1205 733 1278 781 cam
1301 720 1362 780 jac·

161 845 263 903 tatem
297 857 369 902 nrox
402 835 558 922 relinquit
588 845 619 903 et
649 835 774 902 Solonis
807 856 922 922 graves
952 834 1083 922 quidem
1114 835 1201 921 leges
1224 835 1265 901 de
1288 854 1364 901 mu·

161 956 309 1034 lieribus,
356 975 410 1022 eas
452 976 527 1022 vero
572 958 716 1023 mitiores
759 976 856 1042 quam
893 956 1070 1042 antiquitas
1113 975 1172 1022 suo
1207 963 1362 1021 sanxerat

164 1075 325 1164 exemplo,
350 1070 503 1142 enarrare
526 1077 641 1162 pergit.
690 1077 747 1142 His
769 1085 878 1142 tamen
898 1076 990 1142 nohis
1010 1095 1097 1142 nunc
1117 1094 1181 1142 non
1201 1094 1283 1163 opus
1301 1082 1361 1143 cst.

163 1199 287 1264 Bonum
318 1197 440 1263 lactum
474 1204 599 1276 autern,
635 1196 719 1283 quod
750 1196 1055 1264 aliundeiudicare
1086 1215 1261 1283 possumus
1284 1193 1362 1283 quid

164 1318 259 1385 Solon
290 1304 512 1383 constituerit
531 1315 570 1382 de
593 1317 750 1383 eiusmodi
774 1317 902 1404 pusilis,
927 1316 1038 1404 quales
1060 1337 1098 1383 ex
1123 1315 1285 1382 Aeschine
1308 1335 1361 1382 co·

163 1438 334 1523 gnorirnus
357 1437 537 1523 antiquitus
558 1456 577 1502 a
600 1436 746 1522 patribus
766 1439 833 1504 suis
853 1437 1077 1505 crudelissime
1096 1437 1243 1524 potuisse
1263 1437 1361 1502 inter·

164 1557 230 1631 lici;
262 1556 496 1644 Plutarchus¹)
530 1559 616 1623 enim
648 1565 761 1624 narrat
793 1579 866 1625 eum
899 1559 1031 1625 omnino
1056 1557 1198 1623 uetuisse
1223 1553 1361 1623 vendere

162 1696 287 1741 sorores
306 1683 362 1742 aut
384 1676 483 1755 filias,
505 1685 729 1764 praeterquam
750 1679 777 1743 si
800 1680 874 1764 quis
894 1697 948 1744 eas
968 1679 1066 1744 etiarn
1082 1679 1238 1764 innuptas
1249 1694 1359 1742 amore

161 1795 275 1866 illicito
296 1794 439 1863 fruentes
459 1795 749 1883 comprehenderit.
798 1797 823 1864 ll
846 1797 1004 1863 diametro
1021 1796 1087 1862 'sihi
1107 1797 1268 1884 oppositae
1279 1802 1357 1862 sunt

162 1917 320 1994 rationes,
344 1935 424 2002 quas
448 1915 623 1982 Aeschines
646 1923 679 1983 et
703 1915 896 1982 Plutarchus
924 1924 1094 1990 enarrant;
1120 1915 1174 1982 ille
1195 1933 1272 1982 uero
1289 1933 1361 1981 rem

161 2057 200 2103 ex
230 2037 447 2102 remotissima
479 2035 577 2102 relect
607 2036 817 2122 antiquitate,
843 2036 895 2102 hic
920 2035 1056 2104 sortasse
1079 2054 1148 2102 rem
1173 2053 1285 2102 reram
1310 2033 1362 2101 de-

162 2156 295 2233 scribit,
320 2156 374 2221 cui
395 2153 598 2241 aliquatenus
621 2153 699 2222 fides
723 2155 869 2221 habenda
894 2163 958 2230 cst;
983 2153 1076 2221 Solon
1100 2160 1211 2221 autem
1236 2153 1362 2220 Attico·

161 2295 234 2341 rum
267 2276 417 2341 instituta
449 2272 488 2339 de
518 2275 624 2360 patria
647 2282 805 2360 potestate
826 2276 859 2339 in
884 2275 997 2342 multis
1020 2274 1204 2360 mitigarit3·
1224 2281 1322 2362 antea
1335 2272 1360 2361 ²)

161 2397 248 2461 enim
281 2393 400 2460 multos
431 2413 504 2460 aere
536 2394 640 2460 alieno
673 2395 805 2461 obrutos
836 2403 963 2462 coactos
996 2394 1094 2462 luisse
1118 2414 1194 2461 suos
1215 2395 1362 2482 ipsorum

161 2514 279 2581 liheros
301 2512 440 2580 vendere
469 2512 589 2580 diserte
623 2522 761 2581 testatur
795 2514 990 2590 historicus;
1018 2515 1136 2582 nulla
1159 2515 1271 2581 cnim
1296 2514 1362 2582 lex

161 2633 202 2698 id
237 2631 511 2719 impediebat.
560 2633 639 2699 (lum
676 2654 751 2700 vero
787 2634 1002 2720 legislatorem
1040 2632 1187 2700 ridemus
1219 2634 1359 2721 patriam

160 2760 351 2839 potestatem
382 2754 428 2818 ita
462 2761 683 2830 coercentem,
719 2763 755 2820 ut
779 2754 827 2820 vel
851 2774 946 2821 omne
968 2754 1076 2820 iusiu
1100 2772 1219 2840 corpus
1242 2773 1358 2841 parcn-

160 2873 249 2939 tihus
273 2872 394 2938 adimat
424 2882 649 2959 praeterquam
681 2894 717 2941 ea
750 2895 846 2961 quarn
880 2873 1021 2940 vidimus
1054 2873 1240 2952 occasione,
1267 2872 1359 2941 nohis

160 2994 319 3059 coniicere
350 2993 426 3059 licet
453 2993 541 3059 hrevi
564 3003 639 3061 ante
664 2996 715 3061 ius
739 2997 823 3061 vitae
847 3015 884 3061 ac
909 2994 998 3060 necis
1021 2994 1054 3058 in
1078 2991 1197 3058 liberos
1218 2995 1358 3080 parenti·

160 3113 222 3180 hus
242 3134 303 3178 non
325 3113 464 3200 amplius
482 3135 670 3181 concessum
691 3114 800 3182 luisse.
848 3114 1023 3203 Dionysius
1044 3112 1356 3202 Halicarnasenstst)

160 3235 257 3298 ctiam
294 3232 373 3297 dicit
410 3232 556 3316 Solonem
593 3237 753 3303 Pittacum
789 3234 980 3302 Charondan
1015 3252 1134 3320 poenas
1162 3233 1295 3320 quidem
1324 3236 1355 3300 in

158 3351 276 3417 liberos
297 3353 458 3430 sanxisse,
488 3374 542 3420 eas
565 3375 640 3421 vero
665 3376 726 3421 non
751 3375 881 3441 graves:
915 3355 943 3420 si
967 3352 1156 3441 parentibus
1181 3352 1270 3420 dicto
1294 3374 1354 3421 non

159 3471 328 3538 audientes
358 3480 433 3539 sunt
464 3473 577 3554 liberi,
611 3496 665 3542 eos
688 3475 773 3542 foras
797 3476 914 3542 eiicere
937 3474 1162 3561 permittentes
1186 3481 1218 3538 et
1242 3472 1355 3559 opihus

158 3594 304 3679 privare;
337 3594 417 3660 nihil
451 3615 526 3660 vero
550 3593 644 3661 ultra.
693 3595 771 3678 Qriis
795 3605 902 3662 autem
926 3593 1098 3682 posthaec
1123 3592 1356 3680 SextoEmpi·

158 3710 266 3799 ricol)
290 3712 400 3780 credat
422 3715 568 3780 narranti
590 3713 736 3781 Solonem
758 3716 860 3800 legem
886 3716 1030 3782 sanxisse
1051 3713 1289 3799 unicuique
1308 3711 1355 3778 li-

158 3852 256 3899 cere
278 3852 373 3899 snos
396 3834 653 3902 interlicere
674 3835 862 3902 liberos?

154 4000 367 4014 .»-——-—-

192 4104 221 4169 1)
240 4100 331 4168 Solon,
351 4118 373 4153 c.
394 4103 438 4152 23.

194 4188 405 4258 2)t.t.o.13.

193 4280 224 4347 3)
242 4275 312 4330 arch.
333 4294 398 4329 rom.
415 4280 454 4343 ll,
474 4279 520 4329 26,

195 4368 225 4438 4)
245 4363 334 4440 Pyrrh.
364 4368 431 4438 Hyp.
461 4367 516 4432 lli,
547 4365 597 4432 2t3
626 4362 659 4418 cf.
679 4365 872 4440 Wessclingad
890 4367 1033 4425 retiritt.
1053 4368 1106 4424 dd.
1126 4368 1233 4440 putu,
1253 4369 1286 4438 2,
1306 4362 1355 4421 ubi

156 4455 325 4531 Hermogenis
341 4463 367 4511 et
386 4453 488 4529 Sopatri
507 4452 656 4510 testimonia
675 4453 826 4512 laudantur.
