2842 5018
707 294 766 356 161

127 477 177 541 est
201 470 440 558 stipulationem
465 493 576 542 revera
596 473 725 562 quidem
746 474 865 543 laetam
885 493 968 552 esse,
992 472 1049 540 sed
1068 470 1322 560 breviloquentia

125 609 221 657 usum
246 611 316 658 esse
339 600 517 671 oratorem,
542 614 618 660 eum
642 615 679 661 ea
700 615 762 660 non
784 614 803 661 a
824 594 959 661 muliere
980 595 1065 680 ipsa,
1085 593 1141 659 sed
1160 593 1199 658 ab
1219 591 1318 658 huius

121 710 211 792 κυρίρ
241 710 327 778 laeta
358 719 452 778 esset.
499 713 639 778 Pecunia
665 721 793 780 tantum
817 734 856 779 ex
880 713 1045 802 Polyeuoti
1068 713 1177 780 uxoris
1200 709 1316 796 opibus

123 829 224 918 (πυροὶ
247 840 303 907 τῆς
325 830 519 898 Πολυεύκτου
542 832 700 921 novatae)
725 841 833 900 sumta
855 842 921 911 est,
945 835 1015 920 ipsa
1038 853 1112 899 vero
1133 831 1314 913 νροίμροοοτοο

121 949 342 1016 uerisimiliter
365 950 405 1015 ah
428 971 465 1017 eo
489 953 523 1015 in
546 952 640 1018 ouius
665 972 762 1019 mann
787 962 857 1019 erat
880 954 1062 1039 conscripta
1085 960 1172 1018 sunt.

167 1068 348 1138 Ilivortium
382 1069 486 1136 faeere
517 1090 591 1158 enm
623 1091 703 1137 uxor
726 1081 876 1158 cuperet,
900 1074 983 1139 iuris
1005 1074 1097 1139 attici
1121 1073 1316 1159 interpretes

119 1186 254 1255 tradunt
277 1189 339 1274 ipsi
363 1187 551 1256 arohontem
574 1190 757 1257 adeundum
781 1191 881 1257 luisse
904 1192 996 1278 eique
1020 1190 1212 1257 tradendum
1232 1189 1315 1256 sori.

120 1314 229 1394 ptum,
261 1309 293 1389 in
323 1328 386 1394 quo
414 1310 595 1395 expositum
629 1317 714 1376 esset
742 1329 801 1376 our
824 1329 843 1374 a
867 1311 983 1375 marito
1006 1309 1181 1375 divortium
1204 1308 1312 1375 faeere

120 1437 268 1515 ouperet;
292 1429 401 1516 itaquo
425 1428 458 1494 hi
478 1429 606 1496 mulieri
628 1430 660 1494 in
682 1431 752 1495 inre
773 1429 888 1515 agendi
909 1436 1099 1516 potestatem
1119 1426 1311 1496 concedunt.

119 1547 160 1613 llt
183 1550 319 1636 supra¹l
344 1549 530 1615 testimonio
554 1568 591 1614 ex
615 1548 839 1615 Demosthenis
858 1547 1176 1625 orationeadversus
1196 1547 1310 1615 Oneto-

117 1685 189 1734 rum
219 1668 325 1754 priore
338 1667 364 1756 ²)
397 1670 463 1734 iam
496 1669 574 1735 satis
607 1668 692 1735 hune
725 1647 867 1735 errorem
900 1668 1053 1736 refellisse
1082 1668 1164 1734 mihi
1187 1667 1310 1735 videor.

117 1785 225 1855 Etiam
257 1788 291 1853 in
322 1787 459 1854 divortio
489 1808 548 1875 per
578 1789 674 1870 κύριον
698 1788 858 1874 agendum
883 1798 962 1855 erat.
1008 1787 1191 1873 Numquam
1215 1786 1314 1873 quid·.

120 1924 220 1990 quam
242 1907 311 1972 sine
334 1907 493 1989 ἐπιτρόπου
519 1907 565 1974 vel
590 1910 687 1990 κυρίου
711 1928 769 1994 ope
792 1908 935 1993 potuisse
956 1926 1050 1993 agere
1072 1905 1208 1973 feminas
1229 1907 1309 1972 satis

118 2042 279 2110 superque
301 2023 591 2094 demonstravimus
615 2037 647 2095 et
668 2027 901 2094 transeundum
926 2037 973 2093 est
999 2024 1038 2092 ad
1063 2027 1148 2113 ipsos
1172 2033 1307 2093 tutores.

626 2239 794 2252 m

690 2412 723 2478 5.

554 2642 598 2688 DE
630 2642 858 2690 uouemus

156 2860 356 2948 Pupillorum
377 2881 489 2928 euram
511 2882 607 2948 penes
626 2864 813 2931 arohontem
834 2862 933 2929 fnisse
954 2869 1114 2929 testantur
1129 2871 1161 2930 et
1174 2864 1304 2932 Aeschi-

110 2999 169 3047 nes
200 2989 233 3048 et
263 2981 487 3049 Demosthenis
517 2982 660 3068 aequalis
692 2991 811 3050 orator.
859 2981 954 3071 ttle³)
987 2983 1072 3049 enim
1097 2981 1240 3069 loquitur
1263 2981 1303 3050 de

110 3099 251 3186 legibus,
282 3121 388 3187 quae
417 3101 667 3170 archontem
696 3102 842 3170 iubent
866 3101 1131 3189 pupillorum
1156 3122 1301 3172 euram

109 3239 263 3306 gerere
295 3229 327 3287 et
354 3222 386 3286 in
412 3223 556 3288 oratione
580 3222 735 3288 adversus
758 3197 923 3288 hauritum
936 3221 963 3310 ⁴)
987 3220 1125 3306 legimns
1149 3221 1303 3307 epielero·

110 3358 185 3406 rum
208 3347 379 3428 parentum
400 3341 664 3428 pupillorum
683 3361 825 3408 euram
846 3340 1043 3407 archonti
1065 3339 1302 3415 mandatam

109 3478 213 3526 osse.
263 3461 433 3527 Praeterea
458 3462 490 3525 in
513 3471 594 3528 orat.
619 3460 773 3526 adversus
792 3460 1003 3525 Macartatum
1017 3460 1043 3548 ⁵)
1064 3459 1144 3545 legis
1162 3460 1302 3530 formula

108 3585 227 3658 exstat,
250 3599 333 3665 quae
355 3587 464 3646 tamen
485 3599 542 3666 per
566 3600 599 3646 se
622 3579 715 3644 nihili
738 3578 884 3645 facienda
908 3586 967 3644 est.

156 3697 321 3780 Quatenus
344 3699 422 3766 haee
447 3698 611 3766 archontis
635 3718 714 3765 eura
739 3699 881 3783 patuerit
903 3698 936 3764 in
960 3699 1029 3784 ipso
1052 3697 1171 3768 tutelae
1192 3699 1300 3779 initio,

143 4004 174 4070 1)
194 4004 279 4072 ρ.,53,
300 4018 325 4052 n.
345 4003 372 4052 2.

144 4091 175 4159 a)
194 4091 299 4163 nasa,
320 4090 335 4157 n
355 4091 399 4142 17.

145 4179 176 4246 3)
196 4195 219 4230 c.
239 4177 306 4230 Tim.
327 4196 350 4248 p.
362 4180 411 4243 22,
432 4177 446 4244 §
468 4179 528 4230 158.

146 4269 176 4335 4)
197 4265 355 4335 [Demosth]
375 4285 399 4339 p.
411 4267 513 4332 940‚'§
534 4267 577 4319 tn.

146 4357 177 4426 5)
197 4352 357 4423 [Demostlr]
382 4373 406 4426 p.
424 4356 508 4419 1076,
533 4356 547 4421 ᾗ
574 4356 619 4405 76:
647 4352 768 4421 ὁᾶρχυν
785 4352 971 4416 ἔποροελνίσθυ
988 4353 1042 4402 τῶν
1061 4355 1183 4423 ὀρφανῶν
1200 4385 1233 4396 ·-
1251 4357 1299 4408 καί
1347 4390 1348 4393 ,

107 4443 146 4509 μὴ
164 4441 235 4493 ἐάτω
250 4441 379 4511 ὑβρίζειν
397 4441 505 4507 unitae
521 4442 587 4511 περί
605 4441 727 4500 τούτους.

1096 4530 1129 4577 21
