2842 5018
739 561 773 626 2.

521 821 558 867 DE
582 821 622 867 ns
645 819 695 876 ont
719 819 790 866 Sllll'l'
813 821 844 865 tlt
867 819 990 866 l'U'l'ELA.

207 1042 276 1124 Qui.
290 1048 382 1129 patre
405 1039 537 1106 orbatus
560 1040 698 1107 necdum
724 1041 773 1106 sui
797 1041 878 1106 iuris
900 1048 950 1106 est
971 1057 1051 1105 cura
1073 1046 1106 1105 et
1126 1036 1231 1105 tutela
1252 1037 1359 1107 aliena

160 1161 296 1248 indigen
319 1182 395 1229 oum
419 1163 505 1227 enim
530 1169 562 1228 et
585 1181 684 1248 puero
706 1169 738 1227 ct
757 1160 895 1227 feminae
917 1167 1057 1246 potestas
1077 1166 1194 1244 negata
1217 1158 1263 1224 sit
1284 1178 1359 1224 con·

159 1280 309 1347 trahendi
341 1279 427 1346 ultra
459 1280 570 1346 hordei
601 1279 801 1346 medimnum
814 1281 854 1368 1),
885 1300 989 1366 neque
1019 1298 1095 1345 vero
1127 1277 1208 1343 illud
1240 1279 1295 1343 ius
1319 1278 1359 1343 iis

157 1399 252 1487 plane
275 1400 374 1465 adimi
398 1400 515 1486 possit,
540 1400 573 1464 in
597 1399 702 1465 aliena
725 1419 823 1465 manu
846 1400 911 1464 sint
935 1419 1081 1476 neccsse,
1103 1399 1125 1464 i.
1148 1418 1177 1464 e.
1200 1399 1235 1463 io
1257 1417 1359 1464 manu

157 1519 228 1584 eius
263 1519 319 1603 qui
351 1538 405 1583 eos
437 1525 568 1584 tueatur
599 1527 632 1585 et
665 1520 698 1582 in
731 1521 802 1584 iure
833 1537 944 1585 eorum
976 1537 1146 1604 personam
1181 1519 1357 1583 sustineat.

158 1637 220 1701 Vix
252 1656 331 1722 opus
363 1645 412 1703 cst
435 1636 542 1704 dicere
565 1657 828 1724 unumquemque
852 1647 883 1703 et
907 1639 961 1723 qni
987 1639 1038 1702 sui
1061 1637 1145 1702 iuris
1168 1644 1219 1702 est
1242 1645 1274 1702 et
1298 1637 1357 1722 qni

158 1776 221 1823 non
253 1764 302 1822 est
334 1775 425 1822 reum
458 1756 528 1824 fieri
551 1778 660 1844 posse,
685 1758 773 1823 velut
795 1757 917 1823 Neaera
938 1756 1040 1834 ξενίας
1064 1763 1218 1822 accusata
1239 1756 1351 1842 est2),

156 1876 289 1962 Aspasia
302 1875 329 1961 3)
360 1883 469 1941 autern
502 1885 534 1942 et
567 1877 696 1965 Phryne
708 1877 734 1964 l¹)
765 1877 935 1956 ἀσεβείαις,
967 1896 1047 1962 puer
1078 1875 1132 1942 ille
1154 1875 1355 1940 Brauroniae

157 1995 364 2062 donariorum
393 1997 514 2083 aliquid
544 1997 722 2064 suffuratos
753 1999 922 2078 ἱεροσυλίας
936 1996 979 2083 ⁵),
1011 1998 1154 2063 ἀκουσίου
1184 1995 1279 2078 Φόνου
1305 1993 1358 2059 ille

156 2135 254 2201 quem
276 2115 439 2202 Antiphon
452 2116 478 2203 6)
503 2117 536 2181 in
557 2119 725 2204 gymnasio
745 2116 883 2183 sodalem
905 2137 1000 2183 soum
1022 2116 1229 2182 interemisse
1250 2115 1353 2200 ponit.

155 2235 235 2303 Gom
268 2237 370 2321 igitur
398 2237 528 2302 omnino
551 2256 631 2323 opus
654 2244 740 2304 esset
765 2246 796 2303 et
820 2239 1019 2324 privatorum
1045 2256 1143 2304 causa
1166 2243 1201 2302 et
1224 2236 1355 2307 univer·

156 2375 210 2420 sae
240 2356 399 2432 civitatis,
432 2362 467 2420 ut
499 2357 520 2420 ii
549 2358 604 2442 qui
628 2357 774 2443 patribus
798 2357 867 2422 orbi
894 2358 945 2422 sui
969 2358 1050 2422 iuris
1074 2353 1220 2420 nondum
1245 2360 1354 2420 essent

154 2482 187 2541 et
218 2473 356 2541 feminae
389 2494 500 2541 omnes
523 2476 555 2539 in
580 2476 684 2549 aliena
707 2483 815 2542 essent
839 2495 953 2554 manu,
979 2477 1130 2541 instituta
1153 2482 1206 2540 est
1229 2471 1352 2548 tutela,

155 2613 219 2681 qua
249 2614 324 2660 usos
354 2615 423 2661 esse
454 2603 587 2681 apparet
616 2597 798 2684 omncs⁷)
832 2598 901 2681 qui
927 2594 1092 2661 tabulis
1115 2591 1353 2661 laxiarchi-

155 2715 221 2781 ois
253 2714 462 2800 inscripti
495 2733 572 2778 non
603 2713 786 2792 suerint,
822 2713 903 2780 filios
935 2716 1035 2799 igitur
1067 2733 1169 2798 usque
1202 2712 1350 2783 adhaec

155 2841 310 2908 aetatem,
335 2831 417 2898 illias
441 2853 515 2898 vcro
536 2853 593 2918 per
614 2841 713 2899 totam
735 2834 849 2904 vitam.
897 2834 934 2900 ln
953 2833 1083 2899 leminis
1102 2852 1197 2912 vero,
1218 2843 1257 2900 ut
1278 2855 1351 2901 mon

153 2951 348 3031 ridebimus
372 2952 471 3038 probe
495 2943 759 3038 distinguendum
784 2961 833 3018 est
857 2952 942 3017 inter
964 2951 1097 3019 tutelam
1124 2972 1214 3038 quae,
1230 2953 1351 3022 dieitur

153 3092 250 3141 sexos
272 3080 306 3139 et
328 3072 462 3138 tutelam
488 3071 695 3158 imperfectae
719 3073 845 3138 aetatis.

198 3192 376 3257 Fuerintnc
395 3193 418 3256 ii
438 3193 494 3277 qui
514 3199 644 3277 propter
663 3192 763 3257 animi
785 3189 1038 3256 imbecillitatem
1062 3190 1200 3259 aliamve
1218 3213 1350 3260 cansam

154 3318 206 3377 res
241 3330 316 3376 suas
351 3311 413 3396 ipsi
445 3330 557 3396 gerere
589 3331 651 3376 non
684 3317 813 3396 possent
842 3311 875 3374 in
907 3308 1010 3375 aliena
1041 3329 1141 3376 manu
1173 3310 1350 3379 diiudicari

153 3431 275 3518 nequit.
324 3429 490 3497 Probabile
519 3438 627 3496 tamen
660 3430 799 3497 videtur.
845 3427 993 3494 Vidimus
1005 3427 1031 3516 ⁸)
1057 3427 1219 3499 furiosum
1246 3453 1350 3519 neque

159 3627 366 3646 m

189 3729 220 3797 1)
248 3731 281 3781 Ie.
310 3725 343 3779 dc
373 3724 451 3779 Arist.
472 3724 525 3780 her.
547 3745 571 3797 p.
584 3729 633 3793 80,
653 3728 667 3794 §
690 3729 737 3792 10,
757 3723 788 3776 cf.
809 3722 1066 3796 llarpocr.,Suidas‚
1086 3721 1196 3776 Photius
1216 3722 1245 3776 in
1267 3742 1289 3779 v.
1312 3721 1355 3772 iu

152 3813 238 3866 παιδὶ
256 3812 321 3881 uri,
342 3823 368 3868 et
387 3813 465 3867 schol.
486 3815 518 3867 ad
538 3813 618 3866 Arist.
639 3812 707 3866 Eccl.
729 3814 808 3864 1025.

189 3909 219 3977 2)
240 3903 325 3978 Apoll.
346 3921 368 3956 c.
389 3905 476 3956 Neaer.
494 3900 657 3972 [Demostb]‚
677 3921 702 3973 p.
715 3904 785 3952 1345
805 3917 859 3971 sqq.

190 3995 219 4063 3)
239 3991 309 4046 Plut.
328 3989 418 4045 Periel.
435 4009 457 4045 e.
474 3994 518 4044 32.

189 4083 219 4151 4)
238 4079 333 4134 Athen.
353 4083 431 4147 xiil,
452 4081 507 4132 590
526 4080 553 4130 C.
1089 4140 1093 4147 .

189 4171 219 4238 5)
239 4172 332 4242 llypcr.
354 4165 384 4222 ir.
404 4176 534 4221 servatum
556 4186 571 4219 a
590 4163 653 4219 Poll.
674 4168 726 4232 lx,
746 4165 790 4214 rt.
819 4159 856 4214 cf.
878 4161 934 4214 Ael.
951 4165 980 4215 V.
997 4166 1026 4216 ll.
1047 4166 1078 4230 V,
1099 4167 1141 4216 16.

190 4258 219 4327 6)
239 4256 267 4308 in
285 4255 374 4310 tetral.
394 4260 429 4310 Il.

190 4343 499 4416 7)1adccleon.ber.
519 4364 544 4416 p.
557 4347 606 4412 36,
628 4345 642 4410 b
663 4345 710 4395 10.
728 4345 784 4413 bys.
805 4338 861 4393 adn.
882 4336 977 4410 [lingit.
997 4359 1021 4416 p.
1038 4343 1104 4407 aot,
1123 4341 1137 4410 §
1159 4343 1176 4392 5
1197 4356 1254 4414 sqq.

191 4435 220 4503 8)
240 4451 264 4504 p.
278 4435 327 4502 81,
347 4452 372 4486 n.
394 4436 419 4484 2.
