2842 5018
629 276 669 336 dn

63 480 149 549 {luae
172 461 343 549 peregrino
367 459 528 546 nupsisset
552 478 615 524 non
640 460 851 535 innitendum
874 459 915 527 de
938 459 1000 526 hae
1019 461 1105 526 onim
1131 461 1163 526 in
1188 460 1258 546 lege

64 582 147 648 nihii
183 590 341 649 statutum
372 590 432 648 est.
479 580 515 645 In
549 580 590 644 iis
620 588 745 656 autem,
777 599 859 665 quae
889 580 997 668 aitera'¹
1019 581 1100 667 legis
1120 580 1258 647 formula

66 702 178 781 hahet,
203 705 231 769 si
255 721 367 768 verum
391 700 472 785 legis
494 699 678 787 exemptum
702 700 883 780 referrent,
909 701 995 767 haud
1019 705 1086 766 seio
1109 721 1151 766 an
1173 703 1259 767 inter

66 825 122 890 tau
153 823 185 890 δέ
217 846 264 895 τις
297 830 329 888 et
352 821 453 888 exero*
488 820 574 898 ξέννν
604 829 742 900 nornine
774 842 837 887 non
869 823 1098 909 praetermissa
1122 820 1260 888 inissent

67 943 221 1010 voeabula
243 944 402 1018 Ἀθννννῖνς
426 941 478 1020 ὤν,
503 960 586 1026 quae
606 960 664 1007 neo
685 949 795 1006 orator
813 943 883 1028 ipse
904 942 1013 1007 omisit
1032 961 1137 1027 neque
1154 944 1259 1008 omitti

67 1070 218 1150 possunt:
239 1081 329 1139 nam,
349 1064 377 1126 si
398 1062 454 1146 qui
476 1059 651 1147 despondet
671 1062 739 1147 ipse
758 1063 840 1127 civis
861 1063 981 1129 attious
1001 1082 1065 1128 nou
1086 1070 1150 1140 est,
1163 1061 1260 1128 verha

66 1187 108 1258 ὠς.
128 1185 213 1265 αὐτῷ
235 1184 446 1264 προσήκουσαν
469 1182 556 1246 omni
581 1189 693 1247 carent
712 1183 887 1261 sententia,
914 1202 973 1249 nec
994 1183 1058 1248 ulta
1079 1192 1260 1259 causaest,

68 1312 199 1390 propter
230 1321 327 1388 quam
361 1303 393 1365 in
425 1301 476 1366 ius
508 1308 655 1373 nocetum
692 1301 779 1367 nulla
812 1303 898 1369 enim
923 1301 1013 1369 haus
1035 1303 1145 1370 nuilus
1168 1302 1261 1369 dotus

67 1423 107 1488 ah
136 1423 196 1488 hoe
226 1422 444 1488 committitur
475 1435 507 1488 et
544 1420 596 1486 ille
626 1422 734 1507 potins
763 1422 994 1508 vituperandus
1018 1425 1145 1508 estqui
1170 1443 1262 1509 pere·

65 1546 195 1628 grinam
232 1543 326 1609 duxit
361 1552 455 1609 antea
490 1562 553 1608 non
587 1543 743 1628 inquisita
774 1543 904 1610 ciuitate
940 1563 998 1609 neo
1033 1544 1261 1630 despondentis

68 1684 127 1730 nee
159 1663 344 1749 desponsae.
391 1663 497 1728 Etiam
531 1662 605 1728 tinis
632 1662 789 1729 formulae
813 1665 1024 1731 recentiorem
1051 1685 1182 1731 manum
1207 1684 1261 1730 ar·

67 1803 168 1870 gnere
200 1782 343 1848 videtur:
378 1783 560 1864 γραφέσθων
592 1784 623 1847 δὲ
653 1785 727 1864 πρὸς
759 1787 830 1857 τοὺς
860 1785 1043 1862 θεσμοθέταις
1067 1783 1109 1858 οἷς
1132 1784 1260 1861 ἔξεστιν.

69 1905 106 1968 ln
138 1904 246 1987 priore
277 1909 384 1965 autem
418 1901 533 1966 melius
564 1903 721 1986 seriptum
753 1912 817 1968 est:
849 1905 1016 1985 νρνφένθω
1040 1906 1072 1969 δὲ
1094 1906 1168 1985 πρὸς
1192 1907 1261 1977 τοὺς

72 2020 258 2099 θεσμοθέταις
281 2021 295 2083 ὁ
319 2019 572 2097 βουλόμενος
596 2027 670 2084 τῶν
693 2022 912 2096 Ἀθηναίων
933 2019 975 2097 οἷς
996 2021 1114 2098 ἔξεστιν
1128 2021 1165 2110 ¹).

118 2138 208 2219 Quod
233 2137 396 2223 legislator
419 2137 543 2203 addidit
566 2158 637 2224 per
656 2138 850 2207 fraudem
871 2150 912 2207 et
933 2140 1072 2208 dodum
1094 2143 1262 2220 rudium,

71 2259 102 2325 id
135 2267 304 2346 propterea
332 2258 455 2325 foetum
491 2258 633 2337 videtur,
658 2279 698 2326 ne
725 2262 832 2347 isqui
857 2282 891 2328 se
915 2264 1019 2349 ipsum
1045 2265 1147 2331 civem
1171 2273 1264 2330 ratus

69 2382 173 2446 civem
207 2382 339 2445 atticam
371 2379 516 2445 duxisset
545 2388 577 2446 et
611 2389 721 2464 postea
751 2384 871 2448 certior
904 2381 994 2452 tieret
1017 2405 1051 2450 se
1071 2385 1174 2451 civem
1200 2403 1262 2450 non

69 2520 139 2568 esse
170 2519 270 2586 poena
305 2499 448 2584 legitima
482 2507 661 2576 teneretur,
697 2520 800 2587 neque
832 2502 885 2570 iiie
918 2505 951 2569 in
983 2505 1079 2591 eulpa
1101 2514 1187 2570 esset
1210 2507 1264 2571 oui

70 2639 152 2686 uxor
174 2640 286 2686 revera
312 2620 481 2704 peregrina
506 2626 671 2704 tamquam
696 2621 777 2687 uiris
801 2624 901 2688 attica
925 2623 1081 2711 desponsa
1105 2633 1199 2690 esset.

114 2740 317 2807 Gonnubium
343 2747 451 2804 tamen
475 2737 584 2824 popuii
607 2739 761 2807 beneficio
786 2741 856 2808 dari
879 2752 1005 2830 poterut
1028 2752 1059 2810 et
1080 2744 1192 2810 datum
1213 2752 1264 2810 est

70 2861 121 2926 vei
145 2861 306 2926 universis
325 2859 477 2945 gentihus
500 2868 533 2925 et
556 2860 751 2926 ciuitatibus.
800 2863 1023 2931 Demosthenis
1047 2865 1264 2951 psephismate

72 2981 232 3048 Thebanis
264 2999 453 3046 conoessum
487 2999 556 3045 esse
587 2979 677 3046 brevi
709 2989 783 3047 ante
812 3001 954 3066 pugnam
978 2983 1017 3048 ad
1045 2984 1262 3051 Chaeroneam

72 3111 185 3167 uotum
209 3111 257 3168 est
271 3103 308 3189 ²).
357 3101 514 3166 Isocrates
537 3108 651 3166 auctor
674 3109 722 3165 est
747 3100 944 3167 connubium
969 3101 1079 3170 datum
1097 3123 1174 3169 esse
1194 3101 1263 3168 Pia·

71 3221 257 3289 taeensihus
269 3222 312 3307 ³),
341 3220 380 3286 de
415 3220 533 3306 quihus
569 3239 642 3284 mox
679 3220 817 3306 amplius
840 3221 1032 3292 videbimus.
1080 3224 1128 3290 Ex
1149 3224 1264 3312 Lysiae

72 3342 291 3429 pulcherrima
314 3341 459 3406 oratione
481 3342 554 3422 ὑπὲρ
577 3349 632 3415 τῆς
657 3343 817 3413 ννννντείννς
829 3342 872 3431 ⁴),
895 3346 990 3412 ouius
1012 3365 1128 3430 magno
1147 3345 1262 3412 harum

72 3463 242 3530 literarum
265 3462 382 3528 damno
405 3460 535 3527 fortuna
559 3471 592 3527 et
617 3464 771 3548 temporis
795 3464 914 3530 iniuria
940 3467 1114 3532 maximam
1139 3472 1263 3551 partem

73 3584 165 3650 nohis
195 3584 344 3660 abstulit,
378 3590 509 3669 apparet
543 3582 755 3649 Athenienses
786 3585 884 3650 etiam
912 3584 1136 3652 Euhoensibus
1159 3587 1266 3672 epiga·

70 3707 169 3771 miam
196 3704 332 3770 dedisse.

110 3915 140 3981 1)
161 3915 196 3965 Er
217 3912 262 3972 iis,
282 3929 348 3986 quae
368 3910 392 3964 h.
414 3910 429 3963 Ι.
451 3909 626 3964 demonstravi
643 3908 763 3982 sequitur
780 3908 810 3962 iis
829 3928 896 3984 quae
913 3910 989 3964 dicier
1006 3909 1095 3980 (Meier
1110 3907 1264 3963 nndSehoe·

72 4019 168 4067 mann,
194 4001 240 4053 der
256 4009 304 4054 att.
326 4017 393 4072 proc.
412 4020 434 4073 p.
456 4001 523 4069 350)
542 4017 571 4052 ex
592 3997 630 4051 his
649 3996 768 4052 formulis
792 3998 879 4072 petitis
894 3998 1056 4072 argumentis
1075 3997 1149 4050 docet
1166 4007 1264 4051 nonte-

71 4109 143 4144 mere
167 4089 385 4143 subscribendum
415 4106 482 4154 ease,
511 4106 596 4162 neque
621 4087 653 4140 iis
680 4105 748 4161 quae
767 4087 873 4144 dlatner
886 4085 944 4156 (der
960 4105 1026 4160 proc.
1045 4092 1086 4155 ii,
1106 4107 1131 4159 p.
1143 4090 1177 4139 69
1197 4089 1266 4161 sqq.)

72 4179 165 4234 tradit.

109 4273 139 4339 2)
161 4267 289 4323 Demosth.
310 4267 342 4320 de
360 4285 410 4320 cor.
431 4286 454 4339 p.
465 4269 535 4334 291,
557 4266 571 4333 θ
592 4268 653 4318 187.

110 4363 140 4427 3)
161 4357 226 4412 ntae.
247 4378 270 4430 p.
283 4360 350 4424 eoo,
372 4358 387 4426 o
407 4360 450 4410 51.

111 4451 141 4519 r)
160 4450 264 4521 p.ere,
284 4449 299 4514 o
320 4450 345 4500 3.
