2842 5018
717 269 779 330 111

156 446 361 546 perisse'sibi
386 455 475 523 risus
493 459 543 522 est
566 453 600 520 in
621 451 774 520 isocratis
797 449 1021 540 Areopagitica
1034 450 1059 540 ¹)
1085 451 1198 521 dubito
1223 471 1266 520 an
1292 472 1354 521 non

157 595 215 664 pre
238 576 308 662 lego
331 572 477 645 habenda
500 573 553 640 sit.

204 694 349 783 Supraf)
374 695 439 760 iam
463 691 605 761 uidimus
628 697 734 758 matre
756 698 885 759 mortua
905 690 1012 759 dotem
1037 699 1221 761 maternam
1244 692 1356 763 liberis

158 815 328 893 obvenire,
360 819 485 901 patrem
508 831 585 878 vero
608 810 706 878 huius
729 809 814 877 dotis
835 830 915 877 usus
938 809 1082 879 iruotum
1105 812 1228 881 habere
1250 813 1356 900 quoad

159 933 254 1004 liberi
274 935 325 1000 sui
346 935 428 1000 iuris
448 933 514 999 sint
526 938 559 998 et
571 929 645 997 inde
657 929 767 997 liberis
778 930 1017 998 institutionem
1030 930 1185 1019 praebere
1197 940 1355 1019 oportere.

206 1054 365 1140 lienique,
396 1053 545 1140 quamvls
575 1049 717 1119 officium
748 1049 921 1117 dicendum
950 1052 1094 1130 nonsit,
1118 1050 1356 1119 observandum

161 1181 211 1242 ost
234 1178 347 1240 eontra
371 1179 495 1258 petrem
524 1171 579 1257 qui
612 1169 731 1237 liberos
761 1169 801 1238 ad
826 1191 960 1258 corpore
983 1171 1175 1240 merendum
1200 1172 1356 1260 prostitu-

163 1294 226 1361 erit
248 1293 376 1376 γραφὴν
397 1291 581 1375 irarpn‘orcrr
602 1310 673 1359 esse
686 1291 724 1378 ³).

390 1502 426 1569 R.
453 1501 505 1571 De
528 1501 670 1588 patris
693 1501 735 1571 in
759 1498 923 1571 liberos
944 1500 1128 1575 iuribus.

211 1697 273 1778 Qui
295 1696 514 1782 inquisiturus
537 1703 587 1762 est
609 1696 643 1761 iu
667 1696 741 1761 iura
762 1703 934 1783 parentum
958 1697 991 1760 in
1012 1693 1146 1775 liberos,
1167 1696 1199 1762 ei
1219 1715 1354 1763 summo·

165 1837 240 1909 pere
272 1813 449 1883 cavendum
473 1822 524 1881 est
548 1834 588 1880 ne
610 1813 786 1881 liberorum
810 1812 914 1880 offioia
937 1833 1012 1880 oum
1039 1823 1212 1903 parentum
1233 1815 1357 1884 iuribus

166 1935 353 2008 confundat.
402 1937 461 2011 At,
485 1942 522 2000 ut
545 1933 687 2000 vidimus
708 1934 848 2022 patriam
869 1941 1061 2020 potestatem
1081 1933 1166 2022 apud
1188 1935 1359 2003 Athenien·

166 2077 217 2123 ses
250 2055 317 2122 iere
349 2053 471 2127 nullam
508 2053 624 2132 inisse,
654 2054 701 2150 sie
732 2054 831 2120 etiam
864 2053 991 2143 singula
1022 2054 1095 2121 iura
1121 2074 1186 2121 non
1210 2074 1360 2142 maguam
1395 2080 1398 2087 ¹

166 2175 317 2247 habuisse
345 2175 410 2240 vim
432 2181 503 2240 tuto
526 2175 627 2240 statui
651 2181 766 2260 potest.
813 2173 990 2260 Inprimis
1014 2173 1074 2241 hae
1096 2175 1129 2241 iu
1154 2183 1248 2267 perte
1272 2174 1361 2244 nobis

167 2293 350 2387 apparebit,
381 2313 477 2381 quam
511 2313 625 2379 parum
653 2294 736 2359 iuris
758 2293 851 2358 attioi
873 2293 1023 2358 instituta
1048 2293 1138 2359 nobis
1160 2295 1361 2362 innotuerint

168 2423 226 2481 aut
260 2420 428 2501 propterea
459 2410 545 2500 quod
577 2431 679 2498 pauca
710 2419 836 2478 tantum
869 2411 991 2479 fuerint
1013 2421 1070 2479 aut
1093 2421 1229 2502 propter·
1251 2415 1361 2501 ingen·

169 2544 234 2602 tem
267 2553 362 2621 quam
396 2540 605 2600 monumenta
628 2532 837 2619 antiquarum
861 2531 1029 2600 literarum
1054 2552 1247 2621 graecarum
1273 2552 1362 2625 passa

168 2662 245 2721 sunt
269 2655 439 2727 iacturam.

216 2775 252 2839 ln
272 2771 422 2838 omnibus
442 2772 569 2858 magnis
589 2773 776 2838 civitatibus
795 2771 864 2839 fieri
886 2772 984 2852 solet,
1005 2782 1041 2840 ut
1061 2793 1175 2842 reeens
1192 2776 1259 2843 nati
1272 2777 1362 2864 pueri

172 2900 390 2979 exponendum
421 2890 460 2957 de
492 2890 626 2958 Athenis
657 2891 745 2958 aliud
776 2891 855 2978 quid
878 2893 906 2958 si
930 2912 1120 2960 censeamus
1143 2893 1284 2962 stultum
1306 2895 1361 2969 sit;

170 3015 199 3079 si
224 3014 365 3099 ipsorum
391 3011 575 3077 testimonia
599 3030 661 3076 non
686 3010 906 3090 ostenderent,
930 3019 1039 3079 tamen
1063 3032 1115 3080 res
1137 3014 1184 3080 ita
1205 3015 1362 3082 uerisimi-

169 3133 211 3198 iis
241 3131 340 3208 ieret,
372 3139 408 3197 ut
436 3149 506 3197 eam
530 3150 639 3196 ueram
665 3130 773 3197 dieere
797 3151 860 3199 non
884 3130 1077 3199 dubitarem.
1126 3132 1188 3200 Sed
1212 3136 1361 3222 quoniam

172 3259 296 3319 veteres
318 3252 404 3337 ipsos
427 3249 593 3335 loquentes
617 3249 772 3318 inducere
794 3250 898 3330 soleo,
921 3271 984 3318 nou
1010 3251 1116 3321 faeere
1133 3273 1269 3340 possum
1288 3255 1361 3342 quin

173 3388 277 3436 uuum
310 3368 424 3436 saltem
455 3368 657 3457 alterumque
689 3370 870 3457 exemplum
904 3369 1049 3446 iaudem;
1082 3373 1114 3437 in
1140 3372 1362 3462 Aristophanis

173 3488 322 3563 Nubibus
332 3488 358 3577 ⁴)
383 3489 429 3557 ita
452 3488 611 3559 dicentem
638 3489 809 3559 mulierem
832 3489 1001 3559 audimus:

313 3610 416 3688 κάγὼ,
438 3608 583 3692 arripimus
608 3611 671 3692 γὰρ
694 3610 739 3679 ἔτ’
763 3609 795 3688 ἦ,
820 3611 893 3676 κούκ
916 3608 988 3686 ἐξῆν
1008 3612 1055 3677 arei
1078 3634 1129 3689 μοι
1152 3619 1270 3690 τεκεῖν,

311 3728 449 3810 ἐξέθηκα.

218 3848 449 3938 Posidippum)
472 3848 560 3918 huno
582 3847 828 3921 Atheniensium
851 3869 973 3918 merom
998 3850 1044 3919 ita
1067 3851 1227 3919 ostendit:

174 3984 383 4001 -ι--ἤ

213 4059 243 4124 1)
264 4075 289 4130 p.
301 4059 369 4124 118,
390 4057 406 4126 ᾗ
426 4060 462 4111 dd
481 4075 535 4132 sqq.

212 4148 243 4215 a)
263 4147 347 4216 pse,
368 4163 394 4199 n.
414 4149 440 4200 e.

209 4235 240 4304 3)
260 4232 351 4286 desub.
371 4251 393 4287 o.
415 4232 483 4288 Tim.
503 4237 573 4306 pa,
593 4235 608 4304 ᾗ
627 4239 672 4290 13.

210 4324 241 4391 1)
261 4339 295 4375 rs.
317 4323 371 4373 530
390 4338 439 4394 eq.;
460 4319 492 4375 cf.
512 4325 576 4377 itan.
597 4341 632 4377 vs.
651 4326 725 4380 1189
743 4341 780 4399 eq.
800 4323 832 4379 de
853 4324 951 4400 Oedipo
969 4337 997 4383 et
1015 4326 1093 4384 schol.
1112 4327 1144 4385 ad
1165 4328 1236 4386 hune
1248 4329 1344 4388 leem

210 4413 240 4481 5)
259 4407 385 4464 stobaeue
403 4408 471 4465 Flor.
493 4409 535 4465 tit.
556 4412 608 4480 ⁷⁷,
628 4413 665 4469 7.
