2842 5018
637 323 699 384 169

70 496 204 566 arbitris
234 499 387 579 deferret,
417 501 546 570 tandem
571 521 669 569 causa
692 503 732 569 ad
757 502 879 570 iudices
902 502 1026 591 perlata
1049 510 1110 570 eet.
1158 501 1195 568 ln
1218 504 1267 571 iu·

70 618 156 686 dicio
187 628 295 687 autem
328 623 476 708 Diogiton
507 641 606 690 ausus
638 631 686 690 est
718 618 862 711 proferre
894 623 1020 701 album,
1053 641 1116 709 quo
1139 632 1267 689 consta·

69 747 121 805 ret
155 740 195 805 ad
229 741 367 806 duorum
399 761 575 829 puerorum
605 753 638 810 et
671 746 768 811 unius
796 744 920 831 puellae
952 746 1074 810 victum
1107 761 1164 829 per
1194 751 1267 809 oete

69 877 172 926 annos
196 861 341 947 impensa
360 879 430 928 esse
450 871 571 948 septem
595 863 714 930 talenta
734 881 809 930 cum
830 873 969 950 quatuor
989 863 1134 929 miiiihns
1151 860 1267 928 drach·

70 995 222 1058 marani,
263 998 359 1067 quam
400 983 571 1067 pecuniam
610 1001 644 1050 se
678 985 839 1068 recepisse
870 983 1001 1048 tandem
1036 982 1142 1048 fassus
1176 991 1267 1058 erat,

68 1100 144 1196 quia
181 1101 224 1166 τα
258 1109 470 1182 γραμματεῖα
504 1102 589 1167 hanc
622 1121 690 1169 rem
727 1102 904 1168 indicantia
939 1099 1021 1169 forte
1054 1101 1184 1168 fortuna
1215 1119 1266 1167 re·

68 1228 159 1306 parta
205 1222 371 1308 essent1).
427 1215 474 1286 Eo
506 1224 662 1308 processit
696 1222 914 1310 impudentiae
948 1222 1063 1288 deinde
1097 1231 1152 1300 ut,
1187 1241 1263 1288 cum

68 1340 237 1407 ostendere
271 1358 334 1405 non
366 1350 474 1427 posset
506 1342 537 1406 in
569 1361 649 1428 quas
680 1360 731 1408 res
763 1344 933 1428 pecuniam
962 1343 1056 1407 istam
1088 1340 1264 1427 impendis·

67 1469 133 1537 set,
168 1461 202 1525 in
235 1461 357 1526 victum
388 1461 527 1527 duorum
560 1479 733 1547 puerorum
766 1470 798 1528 et
824 1463 920 1528 nnius
944 1461 1068 1548 puellae
1090 1462 1207 1547 quinos
1228 1460 1264 1525 in

66 1574 151 1647 diam
182 1579 291 1646 obolos
315 1581 478 1666 impensos
500 1589 704 1655 numeraret;
728 1583 760 1646 in
786 1581 909 1648 calceos
932 1599 1023 1657 vero,
1050 1582 1083 1645 in
1108 1579 1263 1654 fullones,

65 1701 99 1764 in
140 1694 286 1767 tonsores
324 1718 406 1787 qnae
446 1702 651 1779 insumserit,
692 1720 728 1767 ea
761 1720 818 1768 nec
852 1720 910 1788 per
940 1719 1083 1767 mensem
1115 1719 1175 1766 nec
1205 1717 1265 1786 per

65 1839 188 1901 annum
212 1821 332 1907 scripta
356 1827 464 1899 erant,
489 1820 544 1887 sed
570 1829 635 1886 toto
659 1820 712 1886 itto
737 1831 879 1907 tempore
901 1821 998 1887 simui
1022 1819 1262 1905 complectendo

67 1936 153 2003 ultra
174 1931 330 2007 talentum
354 1944 481 2028 argenti
505 1949 711 2007 numeratum
736 1949 817 2008 erat.
866 1939 932 2006 Iam
959 1941 998 2006 ad
1022 1957 1134 2006 eorum
1157 1941 1260 2026 patris

64 2067 331 2138 monumentum,
352 2078 426 2128 cum
449 2063 500 2126 nix
523 2063 626 2127 minas
646 2062 760 2147 viginti
779 2060 921 2148 quinque
934 2059 1102 2138 extulerit,
1116 2059 1260 2145 exquin·

62 2194 128 2264 quc
147 2177 291 2245 millibus
308 2179 476 2246 drachmis
494 2179 660 2246 dimidiam
680 2189 804 2267 partem
818 2181 879 2246 sihi
891 2178 1261 2267 adscripsit,dimidiam

60 2296 126 2363 iilis
145 2299 329 2386 imputavit.
378 2300 426 2368 hd
446 2301 599 2390 Dionysia
619 2319 745 2387 quoque
760 2301 899 2368 sedecim
913 2295 1080 2367 drachmis
1090 2319 1125 2366 se
1136 2318 1258 2386 agnum

60 2419 178 2484 emisse
190 2417 216 2505 ²)
249 2417 346 2497 dixit,
380 2440 518 2507 quarum
551 2429 622 2486 octo
655 2440 828 2506 puerorum
860 2420 1039 2487 rationibus
1070 2419 1256 2507 adscripsit.

61 2531 219 2605 Videmus
249 2540 351 2624 igitur
378 2546 519 2605 tutorem
543 2541 650 2607 omnia
674 2542 819 2627 impensa
844 2543 877 2606 in
902 2541 1096 2628 pupillorum
1117 2541 1257 2625 gratiam

61 2656 163 2736 iacta,
187 2667 298 2725 nostro
317 2659 386 2726 loco
406 2659 455 2725 cai
477 2638 568 2746 plura
591 2680 687 2747 quam
708 2660 887 2747 oportebat,
907 2659 1029 2726 referre
1048 2660 1082 2724 iu
1103 2659 1259 2734 tationes;

59 2777 256 2865 pupillorum
289 2779 392 2865 igitur
421 2798 496 2865 opes
520 2780 559 2846 ad
584 2799 694 2846 eorum
719 2781 941 2847 educationem
965 2787 997 2845 et
1019 2779 1257 2844 institutionem

59 2897 306 2965 adhibebantur.
353 2899 431 2964 Cum
465 2907 573 2966 autem
607 2902 756 2986 Diogitcn
777 2899 914 2988 pupiltos
940 2908 1069 2985 nepotes
1091 2914 1167 2963 snos
1187 2906 1256 2962 tam

59 3017 145 3085 male
168 3017 331 3096 habuerit,
354 3018 560 3086 adversarius
583 3017 678 3086 aliam
703 3016 910 3107 computandi
937 3019 1092 3084 rationem
1114 3015 1256 3102 ingredi·

58 3147 114 3204 tur
127 3138 153 3227 3)
173 3147 205 3207 et
226 3140 358 3218 statuit,
379 3149 536 3226 quantum
558 3136 665 3207 nulius
687 3159 841 3227 umquam
854 3141 888 3204 in
902 3138 1145 3207 Atheniensium
1160 3137 1255 3214 urhe,

60 3259 188 3328 duobus
221 3259 296 3326 tiliis
329 3269 361 3326 et
394 3262 450 3326 uni
481 3260 605 3348 puellae
637 3280 711 3327 eum
743 3260 924 3348 paedagogo
956 3267 988 3326 et
1021 3257 1136 3323 ancilia
1167 3255 1256 3323 mitte

58 3379 232 3449 drachmas
254 3383 286 3447 in
311 3381 455 3467 singulos
478 3399 594 3459 annos,
621 3400 702 3468 quae
726 3380 870 3448 efficiunt
894 3378 998 3467 paullo
1024 3381 1131 3445 minus
1150 3376 1256 3442 trihus

59 3501 227 3568 drachmis
245 3502 277 3566 in
299 3501 443 3587 singulos
463 3501 541 3568 dies.
590 3502 672 3568 Hinc
691 3522 748 3588 per
768 3510 839 3568 octo
853 3499 1046 3568 annosfiant
1059 3496 1255 3563 octodraeh·

58 3640 187 3688 marum
221 3621 336 3698 miliia,
370 3629 402 3687 et
431 3638 469 3686 ex
501 3629 622 3708 septem
655 3621 801 3698 talentis,
826 3623 853 3686 si
875 3621 945 3686 scil.
971 3621 1039 3705 ipso
1063 3619 1169 3705 capite
1191 3634 1254 3682 non

59 3743 131 3809 eius
154 3742 271 3807 annuis
293 3740 452 3807 reditibus
472 3741 521 3806 usi
546 3739 682 3806 fuissent
706 3739 835 3828 pnpilli,
861 3759 914 3807 sen
939 3745 1114 3827 supersunt
1135 3737 1254 3805 talenta

95 4040 126 4108 1)
145 4037 164 4092 l.
185 4037 203 4091 i.
224 4040 239 4107 §
260 4042 302 4092 id.
347 4043 375 4092 ln
405 4036 587 4092 constituenda
612 4035 723 4090 lectione
751 4034 977 4103 τετρακισχιλίας
1004 4035 1132 4104 δραχμάς
1148 4043 1252 4090 secutus

56 4144 118 4180 sum
148 4127 307 4180 sententiam
336 4126 485 4180 amicissimi
510 4126 558 4179 viri
584 4144 633 4180 vnn
655 4123 1253 4199 hersenden‚quicollatis§§1d,28‚29

54 4213 177 4290 probavit
198 4215 336 4269 lectionem
357 4214 568 4281 ἑπτακισχιλίας
585 4214 692 4267 omnino
711 4233 761 4267 non
782 4213 874 4267 velere.

95 4309 127 4376 2)
146 4304 165 4360 l.
185 4304 203 4359 l.
225 4306 239 4373 h
258 4308 302 4359 21.
342 4308 390 4358 Pro
408 4303 557 4369 ἐωνημένον
575 4303 641 4358 mihi
661 4303 800 4376 legendum
819 4300 922 4356 videtur
941 4301 1100 4370 ἐωνημένος,
1123 4301 1185 4376 qnia
1205 4304 1253 4375 uy-
1298 4349 1301 4355 .

56 4394 110 4450 sias
129 4403 201 4449 amat
222 4392 288 4448 hanc
306 4393 384 4448 activi
406 4391 475 4448 uerbi
495 4391 713 4448 constructionem
733 4401 788 4465 post
809 4389 916 4446 verbum
937 4389 1148 4458 ἀποδεικνύναι,
1167 4399 1229 4446 cett.

96 4485 127 4555 a)
148 4481 166 4538 1.
187 4480 205 4538 1.
226 4483 240 4551 c
260 4485 304 4537 es.

1053 4573 1087 4622 m
