2842 5018
177 567 211 633 B.
238 567 290 634 lle
314 566 369 630 iis
393 583 499 652 quae
523 562 795 629 matrimonio
819 561 948 628 linito
972 580 1231 652 consequun-

380 692 449 749 tur
473 680 610 769 quoad
634 682 797 749 liberos
822 690 1031 769 spectant.

156 925 234 1016 Cum
260 927 294 990 in
315 932 380 993 tota
401 925 599 990 matrimonii
621 923 826 989 institutione
846 942 1010 989 summum
1032 926 1083 991 ius
1102 943 1229 1011 semper
1248 945 1301 1012 pe·

111 1067 168 1114 nes
188 1047 341 1112 maritum
363 1067 433 1112 esse
454 1044 646 1122 viderimus,
668 1063 731 1109 non
751 1044 870 1108 rnirum
891 1052 940 1109 est
960 1044 1056 1110 etiam
1074 1043 1190 1110 liberos
1203 1045 1301 1110 huius

109 1186 180 1234 esse
207 1174 240 1232 et
264 1165 374 1231 haberi
398 1166 605 1232 matrimonio
628 1181 822 1250 quoeunque
845 1162 937 1228 modo
961 1162 1074 1229 soluto.
1122 1163 1168 1229 Re
1191 1173 1301 1230 autem

110 1297 198 1353 reete
228 1293 260 1352 et
292 1284 404 1351 ordine
435 1284 590 1370 inquisita
612 1281 793 1348 videbimus
817 1289 855 1348 et
881 1291 1012 1349 morte
1034 1282 1301 1350 alterutrius

109 1401 1301 1491 coniugisetdivortiosolutomatrimonioliherosaut

109 1528 371 1593 remansisse
402 1526 442 1590 in
473 1525 613 1612 patris
643 1520 822 1589 aedibus
847 1530 918 1587 aut
943 1521 1039 1610 (quod
1064 1525 1191 1610 proprie
1214 1523 1300 1590 idem

104 1646 170 1733 est)
203 1648 246 1711 in
277 1646 438 1711 tutoris
469 1643 630 1710 domum
663 1644 914 1720 transiisse,
946 1663 1168 1730 numquam
1200 1664 1301 1711 vero

109 1774 282 1833 matrem
304 1775 478 1830 secutos
496 1785 597 1830 esse.
646 1764 730 1829 Rara
752 1761 882 1848 quidem
896 1770 972 1827 sunt
984 1763 1145 1850 exempla,
1159 1772 1301 1830 attamen

110 1886 189 1950 satis
220 1883 332 1949 idonea
358 1883 398 1948 ad
423 1882 642 1967 cognoscenda
666 1880 909 1946 Atheniensium
935 1879 1116 1946 haedere
1142 1883 1300 1948 instituta.

158 2002 282 2066 llortuo
312 2001 428 2066 marito
463 2002 570 2077 uxori,
601 2001 627 2065 si
652 1998 744 2064 liberi
769 1999 836 2064 nati
861 2008 985 2076 essent,
1010 2001 1169 2086 optionem
1195 2000 1303 2069 datam

112 2141 182 2188 esse
211 2120 351 2186 vidimus
365 2120 389 2207 ¹)
424 2118 559 2185 velletne
592 2118 698 2185 redire
729 2139 803 2186 oum
827 2119 901 2185 dote
925 2121 957 2184 in
982 2121 1080 2202 κυρίου
1104 2142 1235 2190 manum
1260 2142 1302 2189 an

104 2263 184 2309 eum
210 2240 319 2308 liberis
339 2242 372 2306 in
395 2241 506 2306 mariti
526 2238 670 2306 defuncti
690 2238 823 2307 aedibus
844 2260 1020 2308 remanere.
1068 2242 1149 2308 ilino
1170 2252 1302 2329 apparet

109 2371 202 2450 patre
222 2369 350 2428 mortuo
369 2359 487 2426 liberos
509 2368 644 2448 matrem
665 2381 729 2426 non
750 2362 853 2448 sequi.
902 2363 1022 2440 Mater,
1043 2370 1211 2450 postquam
1225 2383 1301 2430 eum

110 2484 184 2550 dote
208 2483 240 2547 in
265 2481 363 2563 κυρίου
386 2500 518 2546 manum
541 2480 656 2558 rediit,
678 2500 698 2546 a
720 2480 829 2548 liberis
853 2482 999 2549 seiuncta
1024 2481 1096 2548 luit.
1146 2481 1199 2548 Sie
1220 2503 1246 2548 e.
1268 2504 1299 2569 g.

110 2605 246 2671 llantias
268 2602 365 2668 liliam
386 2600 548 2690 Polyarati
567 2601 674 2679 duxit,
696 2621 778 2688 quae
799 2603 940 2689 primum
960 2602 1182 2670 Cleomedonti
1200 2610 1303 2690 nupta

111 2723 231 2800 luerat,
266 2725 317 2790 eui
349 2731 417 2789 tres
449 2721 531 2787 lilios
554 2729 587 2787 et
610 2720 711 2788 filium
737 2733 914 2809 pepererat.
963 2721 1112 2789 lleluneti
1136 2722 1229 2788 dumo
1253 2742 1300 2790 re·

110 2844 186 2911 lieta
218 2863 293 2910 eum
326 2843 398 2909 dote
420 2839 560 2907 redierat
584 2842 617 2905 in
642 2840 780 2909 fratrum
807 2844 1035 2928 manumsqui
1059 2842 1119 2928 ipsi
1144 2845 1195 2909 sui
1219 2844 1300 2910 iuris

105 2973 213 3031 erant.
261 2961 456 3029 llantitheus
476 2969 584 3026 autem
605 2960 720 3027 horum
742 2963 944 3028 uterinorum
966 2960 1085 3026 nullam
1104 2963 1300 3029 mentionem

111 3083 206 3162 lauit,
238 3081 324 3149 unde
352 3082 510 3147 ooniioere
534 3081 625 3146 nobis
648 3081 724 3148 lieet
746 3080 863 3147 liberos
886 3080 1118 3146 Cleomedontis
1141 3082 1173 3146 in
1198 3084 1300 3168 patris

110 3205 204 3271 domo
237 3203 432 3269 remansisse
462 3201 680 3287 Mantiamque
710 3221 764 3267 eos
795 3200 881 3266 domi
912 3220 989 3269 suae
1012 3221 1074 3266 oon
1097 3200 1247 3268 hahuisse
1261 3204 1299 3291 ²).

111 3325 200 3391 Idem
224 3323 306 3388 alius
330 3322 484 3386 orationis
507 3320 596 3386 loeus
620 3320 728 3386 docet:
763 3322 897 3386 Boeotus
920 3319 990 3386 seil.
1016 3321 1191 3388 Mantitheo
1214 3343 1301 3389 sum·

110 3453 165 3538 tus
196 3443 364 3518 obiicieus,
397 3460 477 3526 quos
508 3441 644 3505 llantias
666 3449 757 3526 pater
781 3439 820 3504 ad
845 3442 952 3527 ipsum
977 3440 1126 3507 alendum
1152 3455 1182 3507 et
1206 3443 1300 3507 insti-

111 3563 268 3630 tuendum
290 3560 428 3636 lecerat,
449 3579 490 3626 ne
508 3559 604 3625 verbo
627 3559 754 3646 quidem
777 3562 842 3645 agit
863 3560 902 3625 de
921 3558 1154 3626 Cleomedontis
1175 3560 1300 3639 liberis,

112 3683 195 3770 quod
230 3679 339 3769 procul
372 3679 468 3746 dubio
499 3677 604 3745 lacere
626 3699 688 3744 non
712 3679 924 3764 neglexisset,
950 3679 976 3743 si
1003 3687 1138 3745 matrem
1162 3681 1301 3746 llantiae

112 3804 286 3871 nubentem
318 3801 420 3869 secuti
451 3798 599 3865 luissent.
650 3798 737 3864 Unde
770 3801 918 3886 sequitur
949 3818 1001 3864 eos
1026 3806 1082 3864 aut
1105 3800 1139 3864 in
1161 3799 1301 3866 etenne-

110 3924 218 3990 dontis
241 3923 336 3989 domo
358 3920 552 3987 remansisse
574 3925 630 3984 aut
654 3919 686 3983 iu
711 3919 827 3984 tutoris
852 3918 982 3984 domum
1007 3919 1173 3986 transiisse
1187 3919 1224 4007 ³).

112 4115 322 4132 ——uae

148 4248 179 4404 {l
199 4246 433 4405 ἴὸῗιίιυεῖἰυῖυάυ.
455 4333 539 4383 Boeot.
560 4329 591 4383 de
610 4327 683 4399 dote,
704 4347 727 4402 p.
739 4330 827 4396 1009,
847 4328 861 4396 d
883 4330 899 4380 6
919 4346 955 4403 sq.

149 4427 179 4495 a)
198 4421 261 4476 rue
281 4424 405 4493 preto,
426 4420 439 4488 o
461 4421 504 4472 ao.
