2842 5018
690 285 732 346 92

118 468 259 534 instabat
283 465 441 534 curabant
461 464 518 531 hos
538 466 572 530 in
592 465 687 530 aliem
707 465 840 533 domum
860 465 1077 554 adoptandos,
1105 475 1142 534 ut
1162 469 1276 536 lsaeus
1291 469 1317 556 ¹)

118 587 228 664 docet,
259 587 304 652 ita
328 584 454 652 diceus:
485 582 560 651 »alii
585 585 734 671 quidem,
760 586 879 671 quibus
901 605 955 653 res
979 586 1156 654 domestica
1179 608 1315 674 pessum

116 706 208 784 ierit,
240 724 370 792 operam
393 704 492 783 dant,
517 712 553 770 ut
576 703 670 771 liheri
694 707 744 771 sui
769 705 802 770 iu
827 704 905 771 alias
928 705 1044 772 domus
1067 705 1315 782 adsciscantur:

115 824 150 890 hi
169 831 277 892 eutem
299 823 333 889 in
352 843 428 910 opes
447 822 614 891 obaeratas
634 823 720 890 ultro
738 831 842 890 semet
860 825 1033 910 ingerunt,
1056 833 1092 890 ut
1111 827 1213 892 etiam
1230 826 1315 893 hona

115 962 175 1012 sua
193 945 256 1031 ipsi
275 924 444 1030 perdant.’'
491 943 557 1009 lloc
574 962 703 1029 quoque
722 942 791 1009 loco
809 963 867 1009 uos
885 945 935 1009 uti
954 963 1046 1030 posse
1066 964 1124 1031 pro
1136 962 1316 1030 argumen-

114 1073 169 1144 to,
194 1083 293 1150 quam
314 1062 355 1129 ob
372 1080 503 1133 causam
523 1063 675 1145 ducatum
695 1060 840 1148 adoptari
861 1082 923 1129 uon
944 1062 1041 1130 liceat
1058 1063 1163 1150 digito
1183 1071 1314 1130 lantum

117 1183 261 1251 ostendo.

161 1305 331 1370 Praeterea
344 1301 370 1390 ²)
395 1306 500 1368 enatat
523 1302 730 1387 grammatici
751 1303 992 1381 testimonium,
1022 1303 1107 1390 quod
1127 1322 1195 1369 non
1214 1304 1313 1390 negli-

114 1421 256 1510 gendum
279 1429 343 1498 est,
367 1422 485 1506 quippe
508 1418 594 1506 quod
614 1419 749 1486 candem
774 1420 1020 1489 Atheniensium
1040 1423 1314 1491 cousuetudinem

114 1539 252 1616 indioet;
284 1541 312 1607 is
335 1541 421 1606 enim
443 1559 503 1604 uos
526 1538 619 1605 docel
642 1540 762 1606 multos
784 1540 870 1607 inter
893 1549 1020 1628 patres,
1045 1562 1121 1608 oum
1146 1544 1182 1609 in
1208 1545 1313 1630 megi·

114 1669 222 1728 stratu
241 1659 392 1746 peculatu
415 1657 499 1724 laeto
522 1667 671 1727 metuant
695 1678 735 1724 ue
759 1661 791 1725 iu
806 1658 986 1728 ¹reddendis
1010 1663 1196 1729 rationihus
1220 1663 1313 1730 dem·

113 1788 251 1856 nentur,
281 1777 400 1845 liberos
425 1794 502 1844 suos
525 1778 559 1843 in
583 1776 680 1843 aliam
703 1777 835 1844 domum
859 1779 1057 1866 adoptandos
1080 1779 1170 1848 dare.
1220 1780 1313 1863 Quod

113 1897 274 1988 quomodo
304 1897 464 1964 honestati
493 1896 678 1976 conveniat,
706 1896 837 1965 videant
859 1901 916 1986 qui
940 1901 984 1966 ita
1007 1901 1152 1986 egerium
1187 1907 1222 1967 at
1241 1902 1313 1967 suis

113 2018 280 2087 considere
310 2025 390 2084 tuno
420 2017 524 2103 pluris
546 2015 647 2084 luisse
670 2017 798 2084 videtur
820 2037 917 2104 quam
942 2021 1067 2106 patriae
1091 2019 1206 2087 utilem
1232 2039 1313 2087 esse.

113 2136 272 2224 Equidem
304 2137 452 2222 suspicor
479 2137 578 2202 nimis
600 2155 695 2223 saepe
719 2156 756 2202 eo
780 2137 874 2204 modo
898 2138 1043 2224 publicas
1065 2140 1224 2226 pecunias
1249 2159 1314 2207 una

115 2276 190 2326 uum
215 2256 290 2322 liliis
313 2256 348 2320 in
372 2255 451 2321 alias
475 2255 586 2321 domos
609 2256 789 2322 transiisse.

156 2377 407 2461 Nonnumquam
437 2375 533 2440 etiam
556 2376 596 2440 iis
620 2375 717 2461 ipsis,
742 2376 799 2462 qui
822 2373 991 2442 iufamium
1017 2375 1136 2444 liberos
1160 2377 1315 2466 adoptas·

112 2506 202 2575 sent,
233 2494 383 2563 infamiae
413 2512 512 2580 poena
541 2495 748 2570 imminebat;
772 2496 804 2560 iu
831 2493 1048 2582 psephismate
1071 2497 1160 2563 enim
1184 2497 1228 2565 de
1250 2500 1314 2566 Ar·

111 2616 304 2704 eheptolemi
339 2624 372 2682 et
406 2613 612 2702 Antiphontis
648 2614 852 2681 damnatione
872 2615 898 2702 ²)
935 2583 1014 2683 haec
1049 2615 1161 2683 addita
1195 2628 1314 2686 erent:

112 2736 270 2803 »infames
310 2743 408 2802 sunto
444 2735 708 2822 Areheptolemus
746 2743 778 2801 et
809 2734 971 2822 Antiphon
1001 2754 1180 2825 eorumque
1214 2737 1318 2804 liberi

111 2864 144 2925 at
166 2857 269 2944 spurii
291 2863 325 2922 ot
347 2854 496 2941 genuini:
519 2862 552 2921 et
575 2854 602 2920 si
627 2855 701 2941 quis
724 2873 762 2920 ox
785 2853 1022 2941 Archeptolemi
1044 2865 1077 2923 et
1099 2855 1315 2943 Antiphontis

109 2976 223 3044 liberis
253 2975 393 3061 aliquam
421 2973 567 3060 adoptat,
601 2975 630 3038 is
661 2971 790 3040 infamis
813 2975 915 3040 esto.'’
963 2975 1029 3042 lloo
1052 2995 1130 3043 vcro
1152 2976 1189 3043 iu
1214 2994 1313 3064 pecu·

110 3096 185 3164 lieri
205 3114 285 3162 oesu
309 3112 379 3161 asse
403 3092 523 3159 laetum
548 3092 783 3159 observandum
806 3102 866 3159 est.

155 3216 231 3282 lune
260 3214 360 3280 attico
388 3212 489 3298 igitur
517 3212 725 3300 adoptare
748 3211 911 3280 licebat
934 3234 1094 3293 omnes,
1118 3217 1195 3302 qui
1218 3219 1314 3286 nati

109 3333 1315 3412 essentexiustomatrimonioeiviumatticorum;red·

109 3454 260 3522 dandis
297 3450 547 3519 nationibus
577 3451 754 3517 obnoxii
785 3470 884 3519 vero
916 3452 1232 3542 infamiumque
1264 3457 1314 3524 li·

108 3576 200 3643 heri
224 3572 424 3659 adoptari
449 3591 530 3637 non
555 3577 766 3656 poterant.

111 3737 114 3744 ·
152 3693 343 3765 Rectissime
367 3691 535 3778 quaeritur
558 3690 615 3774 qui
638 3688 781 3755 noudum
806 3691 857 3756 sui
881 3691 961 3757 iuris
988 3694 1055 3759 sint
1074 3712 1156 3760 num
1176 3702 1313 3764 tantum

106 3834 181 3882 eum
213 3813 393 3894 malaveni
424 3826 585 3878 consensu
616 3807 761 3896 adoptari
794 3811 933 3896 possint;
962 3812 1113 3899 equidem
1139 3812 1313 3884 affirmare

104 3933 191 4000 haud
225 3933 348 4010 ausim,
377 3947 452 3996 oum
484 3928 592 4013 potius
617 3928 800 4013 negandum
824 3928 983 3999 videatur.
1033 3931 1225 4015 Suetium,
1251 3937 1313 4024 qui

110 4116 310 4134 w

139 4246 168 4314 1)
188 4242 220 4295 de
242 4239 320 4293 Arist.
343 4234 396 4287 her.
418 4253 440 4305 p.
453 4237 505 4299 81,
524 4234 538 4301 ᾗ
560 4237 603 4287 17.

138 4334 170 4402 2)
189 4330 215 4383 in
237 4323 349 4381 Bckhcri
370 4326 399 4374 A.
420 4324 450 4374 G.
471 4341 494 4393 p.
506 4324 577 4389 24⁷,
598 4325 640 4375 10.

137 4420 167 4491 3)
186 4416 258 4473 elac.
276 4417 300 4470 x
319 4418 396 4468 orati.
418 4408 498 4478 vilae,
515 4407 648 4483 Antiphon
666 4408 715 4465 sub
735 4409 825 4466 finem.
