2842 5018
686 319 749 381 187·

120 503 189 562 tum
223 492 307 584 apu‘d
337 500 524 567 archontem
548 509 619 568 tum
642 502 726 589 apud
750 511 873 571 ceteros
896 501 1014 570 fiebant
1036 501 1075 570 de
1098 500 1193 569 rehus
1217 501 1312 574 meis;

120 640 195 686 nam
217 629 248 686 et
273 621 311 686 de
335 622 557 708 magnitudine
578 622 683 689 reiicti
707 623 787 689 mihi
811 625 996 711 patrimonii
1020 621 1186 689 constabat
1205 629 1238 686 et
1258 629 1307 686 tu·

119 751 206 806 tores
236 762 297 807 non
327 742 451 809 elocare
480 742 611 808 domum
641 752 676 809 ut
708 743 769 830 ipsi
799 745 936 830 pecunia
958 743 1144 811 fruerentur
1169 761 1231 806 non
1255 740 1308 806 oh·

119 882 251 929 scurum
284 873 368 938 erat,
401 884 500 950 quare
531 866 715 950 quicunque
746 864 799 930 illa
825 873 941 932 norant
961 864 1116 952 putabant
1139 883 1207 940 me,
1231 880 1306 928 cum

119 985 260 1070 primum
282 985 315 1049 in
336 985 423 1050 viros
443 983 575 1051 fuissem
596 995 759 1073 receptae,
780 1006 896 1072 poenas
916 985 955 1053 de
971 987 1012 1051 iis
1024 993 1210 1051 sumturum
1221 1001 1305 1055 esse:

117 1105 204 1171 inter
232 1124 313 1191 quos
344 1114 376 1201 et
406 1105 603 1171 Timocrates
633 1113 667 1171 et
697 1103 816 1173 Onetor
847 1109 881 1172 in
909 1126 947 1172 ea
970 1105 1129 1172 sententia
1151 1111 1305 1190 perpetuo

118 1224 261 1291 inerunt.
305 1224 396 1305 Quod
426 1226 472 1290 ita
495 1245 565 1291 esse
588 1227 728 1291 maximo
752 1224 830 1292 illud
853 1232 1043 1312 argumento
1065 1223 1220 1310 estquod
1244 1223 1304 1290 iste

116 1365 258 1412 sororem
289 1345 419 1431 quidem
450 1344 580 1432 Aphoho
601 1345 679 1412 dare
702 1346 821 1426 voluit,
846 1367 918 1414 non.
933 1347 1025 1412 modo
1049 1346 1162 1433 patriis
1184 1345 1303 1430 ipsius,

115 1465 172 1534 sed
196 1473 228 1532 et
251 1467 332 1532 meis
355 1486 418 1531 uon
441 1467 550 1552 parvis
573 1464 778 1533 facultatibus
801 1468 939 1554 potitum
961 1466 1089 1542 ridens,
1118 1464 1224 1530 dotem
1248 1484 1303 1530 au·

115 1595 182 1654 tem
214 1604 387 1653 numerare
415 1587 597 1673 pertimuit,
625 1588 882 1653 existimans
905 1595 1097 1654 tutorum
1119 1605 1215 1673 opos
1239 1605 1303 1671 pu·

115 1706 233 1794 pillis
261 1706 398 1773 veluti
432 1706 736 1793 oppigneratas
759 1716 854 1775 esse
875 1706 982 1794 ¹);.ac
1005 1725 1148 1773 sororem
1172 1704 1302 1792 quidem

113 1826 220 1907 dedit,
244 1827 300 1894 sed
322 1827 429 1894 dotem
453 1847 553 1894 usura
577 1829 718 1914 quinquo
739 1827 904 1893 obolorum
924 1848 957 1893 se
978 1826 1024 1892 iili
1044 1826 1229 1892 debiturum
1251 1846 1302 1912 pe·

117 1947 200 2032 pigit
230 1946 443 2026 Timocrates,
476 1950 510 2013 in
542 1949 635 2014 cuius
666 1949 872 2014 matrimonio
904 1947 1019 2014 mulier
1048 1949 1138 2032 prins
1161 1944 1301 2012 iuerat.''

115 2066 345 2135 Demosthenes
379 2071 478 2155 igitur
514 2078 625 2136 auctor
659 2077 708 2136 est
744 2068 913 2136 Onetorem
949 2069 1188 2134 existimantem
1219 2067 1299 2134 hona

113 2187 237 2275 Aphohi
268 2208 333 2255 non
361 2191 439 2256 satis
467 2198 538 2256 tute
568 2190 690 2257 abhoc
715 2189 887 2276 possideri,
913 2189 1029 2275 quippo
1053 2188 1109 2273 qni
1133 2195 1221 2254 tutor
1244 2208 1303 2276 pu·

114 2308 228 2395 pillum
261 2329 357 2377 suum
386 2312 573 2398 turpissime
603 2310 801 2378 fraudaverit
830 2318 862 2377 et
896 2311 950 2377 cui
983 2310 1091 2395 itaque
1121 2308 1301 2396 periculum

113 2422 299 2498 immineret
317 2450 357 2498 ne
377 2432 447 2518 ipse
465 2431 556 2497 honis
575 2433 761 2510 eiiceretur,
781 2431 886 2498 dotem
907 2433 1011 2518 ipsam
1031 2449 1095 2495 non
1114 2449 1301 2523 numerasse

112 2549 253 2636 Aphoho.
301 2548 420 2618 Onetor
446 2561 557 2619 contra
580 2571 656 2618 cum
679 2551 811 2638 Aphoho
833 2550 998 2617 contendit
1021 2549 1127 2617 dotem
1151 2570 1299 2617 numera·

111 2677 180 2735 tam
213 2679 246 2737 et
276 2690 392 2757 agrum
416 2692 474 2759 pro
496 2693 534 2739 ea
557 2673 802 2760 oppigneratam
826 2692 905 2739 esse.
953 2671 1056 2736 Huius
1080 2676 1187 2736 autem
1212 2672 1300 2758 oppi-

112 2792 310 2878 gnerationis
342 2789 398 2873 ὅροι
429 2791 585 2861 dehebant
616 2792 702 2859 affixi
725 2793 823 2859 inisse
846 2813 923 2878 agro
948 2791 1048 2882 (hisce
1072 2792 1157 2857 enim
1180 2791 1300 2857 tabulis

111 2910 317 2978 indicabatur
338 2911 475 2980 fundum
499 2914 591 2981 iilum
611 2934 669 3003 pro
688 2914 761 2980 dote
780 2914 1024 3001 oppigneratam
1045 2911 1143 3000 esse),
1161 2930 1225 2998 quo
1245 2933 1298 2979 ne·

111 3051 174 3118 que
193 3032 399 3100 Demostheni
418 3055 521 3121 oeque
540 3035 596 3102 alii
608 3037 759 3123 cuiquam
772 3035 823 3101 ius
834 3032 948 3100 inisset
960 3033 992 3097 in
1006 3031 1096 3098 iilum
1110 3031 1297 3111 invadendi,

110 3172 186 3218 nam
210 3172 270 3219 nec
292 3153 350 3220 dos
373 3174 432 3220 nec
453 3155 540 3222 iliius
562 3156 679 3250 pignus
699 3162 829 3242 propter
850 3153 957 3220 mariti
978 3151 1105 3240 culpam
1124 3150 1298 3219 ahalienari

110 3271 286 3360 poterat2).
335 3273 468 3341 Fundos
499 3278 601 3363 igitur
631 3278 692 3343 iste
722 3296 785 3342 oon
817 3275 1046 3363 oppigneratus
1073 3281 1143 3355 erat
1167 3283 1297 3361 propter

113 3390 260 3460 Onetoris
279 3395 398 3461 sororis
416 3395 534 3464 dotem.
559 3398 668 3484 Neque
681 3398 714 3463 in
727 3394 950 3463 Demosthenis
962 3394 1208 3481 patrimonium,
1222 3413 1296 3460 nam

109 3512 208 3579 huius
231 3535 357 3602 quoque
380 3519 652 3604 oppignerationis
673 3514 729 3600 ὅροι
753 3516 929 3582 debuerant
953 3514 1111 3601 conspici,
1133 3512 1231 3579 veluti
1250 3516 1296 3580 vi·

110 3633 217 3701 dimus
247 3634 317 3700 fieri
348 3635 388 3702 de
409 3638 560 3724 pignore,
588 3636 672 3723 quod
695 3637 734 3704 ah
758 3639 798 3703 iis
822 3635 958 3702 dahatur
981 3635 1036 3721 qni
1061 3633 1173 3721 pupilli
1198 3636 1295 3720 patri·

108 3756 254 3821 monium
280 3754 500 3823 conduxerant
513 3757 551 3844 ³).
599 3756 632 3824 Si
663 3765 771 3824 autem
799 3755 918 3823 fundus
943 3753 1065 3841 Aphohi
1089 3756 1152 3820 iarn
1175 3755 1295 3822 tutelae

109 3896 207 3942 causa
237 3877 467 3963 oppigneratus
498 3875 626 3956 fuisset,
654 3876 738 3944 idem
764 3897 826 3944 non
850 3879 968 3944 iterum
993 3882 1124 3962 propter
1147 3873 1294 3942 Onetoris

109 3976 228 4063 sororis
247 3996 353 4064 dotem
373 3999 576 4085 oppignerari
596 4005 733 4086 poterat;
755 3996 840 4084 quod
857 3998 885 4064 si
898 3996 1019 4064 iactum
1032 3995 1163 4074 inisset,
1184 3996 1295 4062 Demo·
1336 4006 1338 4011 ’

109 4153 311 4167 ψ.-

145 4251 176 4319 1)
194 4245 283 4313 ὥσπερ
305 4247 331 4296 εἰ
349 4248 384 4296 τὰ
400 4247 456 4297 τῶν
470 4249 705 4319 ἐπιτροπευόντων
723 4250 842 4318 χρήματ’
862 4246 1022 4316 ἀποτίμημα
1039 4252 1097 4308 rote
1113 4249 1294 4317 ἐπιτροπευο-

107 4336 198 4398 μένοις
216 4337 387 4387 καθεστάναι
404 4338 531 4406 νομίζων.

144 4423 175 4491 2)
194 4419 225 4474 cf.
246 4440 270 4494 p.
281 4425 332 4489 to,
352 4441 377 4475 n.
397 4427 423 4475 1.

146 4512 177 4579 3)
195 4508 226 4562 oi.
247 4515 353 4582 praa,
375 4532 399 4566 n.
420 4518 445 4566 3.
