2842 5018
658 294 699 356 Ξῖ

73 480 158 540 rent.
207 472 272 540 lloc
295 475 422 540 verosi
446 475 654 542 statuendum
677 484 744 553 est,
765 495 881 542 rursus
903 474 984 541 nihil
1003 494 1042 541 es
1062 473 1178 563 Lysiae
1196 472 1265 541 loeo

72 591 157 660 effici
169 601 288 680 potest,
301 602 374 660 nam
388 595 521 662 eandem
536 597 599 662 vim
611 597 709 662 etiam
724 603 837 661 mutua
850 594 1011 675 ἐπιγαμία
1020 594 1137 661 hahere
1150 594 1265 680 potuit.

118 713 292 800 Xenophon
309 717 332 803 ¹)
365 715 498 802 quidem
527 718 595 801 agit
625 716 664 781 de
688 716 876 795 ἐπιγαμίαις
900 717 953 781 nel
978 717 1145 794 ἐγκτήσεσι
1170 715 1264 793 παρ’

72 832 291 912 duellio-rr,
320 854 405 921 quae
429 844 542 901 mutua
566 835 718 901 connubii
742 843 776 901 et
797 834 970 901 landarum
994 833 1262 922 possidendorum

72 953 105 1017 in
136 952 270 1019 alterius
294 955 444 1021 civitatis
471 955 596 1021 dicione
620 956 692 1021 iura
716 954 861 1020 indicant
884 954 924 1021 ah
947 953 1112 1042 Olynthiis
1134 961 1167 1019 et
1190 952 1265 1019 unia

73 1073 163 1138 timis
185 1075 371 1144 eiuitatihns
396 1073 522 1141 loedere
545 1077 608 1140 icto
632 1074 718 1141 inter
742 1094 812 1140 sese
836 1075 1027 1149 constituta;
1051 1083 1083 1140 et
1108 1072 1262 1160 strabon

72 1200 184 1259 narrat
204 1193 342 1261 Albanos
363 1197 505 1280 primum
526 1215 600 1261 cum
622 1195 775 1261 Romanis
796 1196 829 1259 in
850 1191 1131 1271 societateluisse,
1144 1194 1264 1280 quippe

71 1314 128 1400 qui
152 1334 216 1380 nna
240 1322 411 1381 uterentur
433 1315 544 1401 lingua
567 1324 601 1380 et
621 1313 728 1380 Latini
752 1322 877 1389 essent:
904 1322 1056 1399 utrosque
1080 1332 1155 1380 uero
1178 1332 1263 1381 seor·

71 1452 144 1500 sum
168 1436 315 1519 regnari;
339 1433 476 1501 nihilo
501 1435 638 1499 minus
659 1437 866 1500 intereos
887 1432 1027 1498 luisse
1048 1431 1264 1498 connubia

71 1554 190 1620 inter
214 1556 348 1642 sese³)
381 1563 414 1622 et
444 1574 536 1620 saera
568 1556 754 1621 communia
785 1554 884 1620 Albae
915 1554 977 1620 alia
1008 1573 1112 1640 aequa
1141 1551 1262 1619 ciuilia.

70 1672 129 1739 llis
152 1693 226 1740 vero
255 1676 447 1741 testimoniis
468 1676 504 1741 in
526 1695 562 1741 re
586 1682 696 1740 nostra
720 1674 801 1741 nihil
824 1673 1041 1740 demonstrari
1066 1679 1182 1761 potest.

74 1830 78 1835 ·
117 1792 238 1860 Contra
269 1795 352 1860 hanc
385 1795 487 1879 legem
519 1793 748 1860 celeberrimus
780 1795 917 1878 quisque
940 1793 1146 1859 Atheniensis
1171 1809 1263 1876 pere·

71 1914 201 1998 grinenr
233 1932 364 1977 uxerem
396 1912 526 1978 duxisse
557 1912 688 1976 dicitur.
736 1911 870 1994 Megacli
891 1910 1069 1977 Clisthenes
1093 1908 1264 1996 Sicyonius

73 2029 174 2096 liliam
196 2028 382 2115 despondit,
406 2047 469 2114 qua
490 2038 585 2095 natus
608 2037 658 2094 est
682 2028 735 2094 ille
759 2028 952 2106 Clisthenes,
975 2030 1031 2114 qui
1054 2028 1188 2097 Athenis
1210 2027 1264 2096 de-

71 2150 263 2214 mocratiam
287 2149 431 2215 restituit
445 2148 486 2237 ὁ).
533 2147 668 2214 Miltiadi
692 2148 882 2237 Hegesipyle
904 2150 992 2234 regis
1015 2147 1100 2215 Olori
1126 2147 1190 2214 lilia
1208 2148 1263 2214 Ci-

70 2287 200 2333 monem
235 2271 361 2356 peperit
375 2270 415 2356 ⁵).
470 2269 516 2334 De
552 2268 775 2335 Themistoclis
810 2270 934 2354 origiue
969 2288 1052 2355 quae
1087 2276 1264 2335 narrentur

71 2397 147 2456 nota
170 2399 255 2458 sunt.
304 2391 349 2457 lle
373 2390 424 2456 his
444 2400 552 2457 autem
575 2391 634 2456 hoc
654 2389 722 2456 loco
742 2411 897 2477 quaerere
916 2410 979 2456 non
1000 2410 1080 2476 epus
1100 2397 1165 2463 est,
1186 2388 1263 2473 quie

71 2517 149 2576 sont
179 2518 359 2597 temporum
393 2511 613 2596 antiquiorum
646 2510 812 2597 exempla,
844 2531 920 2576 cum
948 2510 1090 2577 nondum
1126 2509 1263 2575 vetitum

70 2639 155 2696 esset
179 2630 381 2714 peregrinam
405 2627 648 2714 decerequod
671 2629 800 2695 tandem
826 2637 957 2697 auctore
982 2628 1106 2696 Pericle
1125 2628 1262 2695 vetitum

71 2759 132 2817 est.
180 2750 239 2816 Hic
270 2751 357 2815 enirn
385 2748 489 2833 legem
515 2748 605 2825 tulit,
630 2756 674 2814 ut
698 2750 729 2814 ii
753 2749 887 2815 selum
911 2751 1027 2816 eires
1051 2749 1184 2815 attici
1208 2746 1263 2816 lo·

70 2880 193 2946 rent,
235 2871 307 2955 qui
350 2890 367 2935 e
402 2869 570 2936 duobos
605 2868 948 2936 Atheniensibus
983 2870 1072 2934 nati
1106 2875 1262 2935 essent.

70 2989 242 3076 Iphicratis
272 2997 380 3055 autern
413 2988 498 3054 iilius
528 2989 733 3055 Menestheus
764 2988 867 3054 multe
899 2995 970 3072 post
1003 2985 1135 3052 Periclis
1158 2985 1262 3070 legem

70 3118 168 3176 natus
190 3118 258 3187 est,
283 3109 339 3174 sed
362 3128 401 3175 ex
425 3108 490 3174 filia
516 3108 638 3197 Cotyis,
663 3111 719 3196 qui
743 3110 874 3175 ciuitate
896 3106 1034 3173 donatus
1054 3112 1137 3178 erat;
1159 3125 1263 3192 neque

70 3230 172 3314 igitur
203 3227 289 3295 hunc
320 3248 496 3294 moramur.
545 3231 585 3295 At
617 3229 680 3295 duo
712 3237 791 3295 sunt
819 3228 896 3305 viri,
929 3227 985 3313 qui
1009 3225 1147 3295 maiores
1170 3225 1262 3296 nohis

70 3348 234 3413 molestias
257 3347 430 3435 praebent,
455 3349 681 3425 Antisthenes,
708 3350 764 3436 qui
790 3356 892 3414 matrs
916 3345 1042 3413 thressa
1064 3355 1160 3412 natus
1183 3345 1261 3415 dici·

69 3467 165 3556 turi)
197 3476 228 3533 et
259 3467 448 3534 Timotheus
481 3468 566 3534 filius
589 3469 727 3535 Cononis
751 3476 784 3535 et
807 3469 952 3535 thressae
975 3465 1122 3533 mulieris
1134 3465 1173 3553 ⁷).
1221 3465 1260 3530 Hi

70 3597 196 3666 antem,
225 3587 301 3654 lieet
331 3588 419 3655 cives
451 3590 542 3655 attiei
568 3588 667 3656 luisse
691 3609 755 3655 non
778 3588 969 3665 uideantur,
995 3605 1031 3651 re
1055 3604 1130 3651 vcra
1152 3593 1261 3652 tamen

68 3707 223 3788 luerunt,
247 3707 330 3794 quod
354 3707 575 3775 demonstrare
598 3709 747 3776 conabor.

108 3914 139 3983 1)
158 3910 226 3965 neu.
246 3914 285 3977 u,
305 3916 338 3979 5,
360 3916 403 3965 19.

107 4003 138 4071 2)
157 4003 193 4067 V,
212 4003 316 4072 peel,
335 4018 356 4052 c.
377 4004 402 4053 3.

107 4093 138 4160 3)
160 4086 243 4138 οὐδὲν
261 4087 288 4137 δ’
305 4076 392 4153 ἧττον
409 4087 553 4153 ἐπιγαμίαι
571 4074 640 4151 ἦσαν
657 4087 726 4156 πρὸς
741 4086 881 4152 ἀλλήλους.

108 4180 138 4248 A)
157 4178 247 4233 Herod.
268 4181 319 4248 Vl,
340 4181 393 4231 130
413 4197 467 4252 sqq.

107 4270 137 4338 5)
158 4268 227 4320 rtur.
248 4267 337 4321 Cimon
357 4285 380 4322 c.
401 4271 425 4320 t.

108 4359 138 4425 e)
160 4357 231 4430 niog.
248 4361 331 4411 hadri.
351 4359 398 4422 Vl,
420 4361 444 4409 1.

107 4446 139 4515 7)
159 4444 254 4500 Athen.
275 4448 355 4515 xut,
376 4449 479 4520 perr,
501 4463 523 4498 c.
542 4447 584 4498 38.
