<?xml version="1.0" encoding="UTF-8"?>
<!DOCTYPE html PUBLIC "-//W3C//DTD XHTML 1.0 Transitional//EN"
    "http://www.w3.org/TR/xhtml1/DTD/xhtml1-transitional.dtd">
<html xmlns="http://www.w3.org/1999/xhtml" xml:lang="en" lang="en">
 <head>
  <title>
</title>
<meta http-equiv="Content-Type" content="text/html;charset=utf-8" />
  <meta name='ocr-system' content='tesseract 3.04.00' />
  <meta name='ocr-capabilities' content='ocr_page ocr_carea ocr_par ocr_line ocrx_word'/>
</head>
<body>
  <div class='ocr_page' id='page_1' title='image "./deiurefamiliaru00esgoog_0086.png"; bbox 0 0 2842 5018; ppageno 0'>
   <div class='ocr_carea' id='block_1_1' title="bbox 691 275 728 338">
    <p class='ocr_par' dir='ltr' id='par_1_1' title="bbox 691 275 728 338">
     <span class='ocr_line' id='line_1_1' title="bbox 691 275 728 338; baseline 0.027 -1"><span class='ocrx_word' id='word_1_1' title='bbox 691 275 728 338; x_wconf 87' lang='lat'><strong>71</strong></span> 
     </span>
    </p>
   </div>
   <div class='ocr_carea' id='block_1_2' title="bbox 111 457 1305 555">
    <p class='ocr_par' dir='ltr' id='par_1_2' title="bbox 111 457 1305 555">
     <span class='ocr_line' id='line_1_2' title="bbox 111 457 1305 555; baseline -0.001 -27"><span class='ocrx_word' id='word_1_2' title='bbox 111 461 223 534; x_wconf 73' lang='grc' dir='ltr'><em>παῖδες</em></span> <span class='ocrx_word' id='word_1_3' title='bbox 256 463 299 539; x_wconf 71' lang='grc' dir='ltr'><strong>μὴ</strong></span> <span class='ocrx_word' id='word_1_4' title='bbox 332 457 383 525; x_wconf 80' lang='grc' dir='ltr'><strong>ὦσι</strong></span> <span class='ocrx_word' id='word_1_5' title='bbox 416 461 549 538; x_wconf 72' lang='grc' dir='ltr'><strong>γνήσιοι,</strong></span> <span class='ocrx_word' id='word_1_6' title='bbox 582 466 643 534; x_wconf 79' lang='grc' dir='ltr'><strong>τοῖς</strong></span> <span class='ocrx_word' id='word_1_7' title='bbox 669 457 837 555; x_wconf 71' lang='grc' dir='ltr'><strong>ε’γγιιτάτω</strong></span> <span class='ocrx_word' id='word_1_8' title='bbox 861 457 965 537; x_wconf 71' lang='grc' dir='ltr'><strong>γένους</strong></span> <span class='ocrx_word' id='word_1_9' title='bbox 987 467 1126 538; x_wconf 76' lang='grc' dir='ltr'><strong>μετεῖναι</strong></span> <span class='ocrx_word' id='word_1_10' title='bbox 1148 467 1206 527; x_wconf 76' lang='grc' dir='ltr'><strong>τῶν</strong></span> <span class='ocrx_word' id='word_1_11' title='bbox 1226 487 1305 546; x_wconf 78' lang='grc' dir='ltr'><strong>χρη-</strong></span> 
     </span>
    </p>
   </div>
   <div class='ocr_carea' id='block_1_3' title="bbox 110 581 1308 3661">
    <p class='ocr_par' dir='ltr' id='par_1_3' title="bbox 111 581 231 661">
     <span class='ocr_line' id='line_1_3' title="bbox 111 581 231 661; baseline -0.008 -14"><span class='ocrx_word' id='word_1_12' title='bbox 111 581 231 661; x_wconf 70' lang='grc' dir='ltr'><em>μάτων.</em></span> 
     </span>
    </p>

    <p class='ocr_par' dir='ltr' id='par_1_4' title="bbox 110 697 1308 2461">
     <span class='ocr_line' id='line_1_4' title="bbox 155 697 1305 784; baseline 0 -16"><span class='ocrx_word' id='word_1_13' title='bbox 155 701 263 768; x_wconf 83' lang='lat' dir='ltr'><strong>Erunt</strong></span> <span class='ocrx_word' id='word_1_14' title='bbox 300 698 435 765; x_wconf 82' lang='lat' dir='ltr'><strong>fortasse</strong></span> <span class='ocrx_word' id='word_1_15' title='bbox 466 699 522 784; x_wconf 94' lang='lat' dir='ltr'><strong>qui</strong></span> <span class='ocrx_word' id='word_1_16' title='bbox 554 697 707 764; x_wconf 90' lang='lat' dir='ltr'><strong>obiiciant</strong></span> <span class='ocrx_word' id='word_1_17' title='bbox 738 697 967 767; x_wconf 87' lang='lat' dir='ltr'><strong>abstinendum</strong></span> <span class='ocrx_word' id='word_1_18' title='bbox 1000 699 1081 768; x_wconf 89' lang='lat' dir='ltr'><strong>mihi</strong></span> <span class='ocrx_word' id='word_1_19' title='bbox 1111 699 1211 767; x_wconf 87' lang='lat' dir='ltr'><strong>luisse</strong></span> <span class='ocrx_word' id='word_1_20' title='bbox 1247 702 1305 768; x_wconf 89' lang='lat' dir='ltr'><strong>lroc</strong></span> 
     </span>
     <span class='ocr_line' id='line_1_5' title="bbox 111 816 1305 905; baseline -0.003 -17"><span class='ocrx_word' id='word_1_21' title='bbox 111 821 228 888; x_wconf 87' lang='lat' dir='ltr'><strong>comici</strong></span> <span class='ocrx_word' id='word_1_22' title='bbox 260 819 460 893; x_wconf 86' lang='lat' dir='ltr'><strong>testimouio;</strong></span> <span class='ocrx_word' id='word_1_23' title='bbox 493 817 580 884; x_wconf 90' lang='lat' dir='ltr'><strong>nullo</strong></span> <span class='ocrx_word' id='word_1_24' title='bbox 611 818 698 883; x_wconf 89' lang='lat' dir='ltr'><strong>enim</strong></span> <span class='ocrx_word' id='word_1_25' title='bbox 732 817 825 883; x_wconf 87' lang='lat' dir='ltr'><strong>modo</strong></span> <span class='ocrx_word' id='word_1_26' title='bbox 863 816 939 887; x_wconf 84' lang='lat' dir='ltr'><strong>hino</strong></span> <span class='ocrx_word' id='word_1_27' title='bbox 974 839 1066 905; x_wconf 88' lang='lat' dir='ltr'><strong>posse</strong></span> <span class='ocrx_word' id='word_1_28' title='bbox 1090 820 1305 887; x_wconf 87' lang='lat' dir='ltr'><strong>demonstrari</strong></span> 
     </span>
     <span class='ocr_line' id='line_1_6' title="bbox 112 936 1307 1027; baseline -0.002 -19"><span class='ocrx_word' id='word_1_29' title='bbox 112 960 271 1027; x_wconf 80' lang='lat' dir='ltr'><strong>quaenam</strong></span> <span class='ocrx_word' id='word_1_30' title='bbox 298 938 422 1005; x_wconf 90' lang='lat' dir='ltr'><strong>Solonis</strong></span> <span class='ocrx_word' id='word_1_31' title='bbox 447 946 590 1025; x_wconf 86' lang='lat' dir='ltr'><strong>tempore</strong></span> <span class='ocrx_word' id='word_1_32' title='bbox 609 938 782 1006; x_wconf 88' lang='lat' dir='ltr'><strong>uothnnum</strong></span> <span class='ocrx_word' id='word_1_33' title='bbox 802 936 950 1003; x_wconf 88' lang='lat' dir='ltr'><strong>condicio</strong></span> <span class='ocrx_word' id='word_1_34' title='bbox 967 936 1083 1017; x_wconf 87' lang='lat' dir='ltr'><strong>luerit,</strong></span> <span class='ocrx_word' id='word_1_35' title='bbox 1104 958 1178 1005; x_wconf 81' lang='lat' dir='ltr'><strong>cuna</strong></span> <span class='ocrx_word' id='word_1_36' title='bbox 1199 938 1307 1006; x_wconf 84' lang='lat' dir='ltr'><strong>fahula</strong></span> 
     </span>
     <span class='ocr_line' id='line_1_7' title="bbox 112 1056 1306 1147; baseline -0.003 -20"><span class='ocrx_word' id='word_1_37' title='bbox 112 1063 157 1128; x_wconf 87' lang='lat' dir='ltr'><strong>sit</strong></span> <span class='ocrx_word' id='word_1_38' title='bbox 186 1058 297 1147; x_wconf 87' lang='lat' dir='ltr'><strong>acta¹)</strong></span> <span class='ocrx_word' id='word_1_39' title='bbox 330 1058 432 1126; x_wconf 87' lang='lat' dir='ltr'><strong>multo</strong></span> <span class='ocrx_word' id='word_1_40' title='bbox 466 1066 538 1145; x_wconf 91' lang='lat' dir='ltr'><strong>post</strong></span> <span class='ocrx_word' id='word_1_41' title='bbox 567 1077 665 1144; x_wconf 89' lang='lat' dir='ltr'><strong>quam</strong></span> <span class='ocrx_word' id='word_1_42' title='bbox 697 1056 837 1124; x_wconf 87' lang='lat' dir='ltr'><strong>Pericles</strong></span> <span class='ocrx_word' id='word_1_43' title='bbox 854 1056 973 1146; x_wconf 86' lang='lat' dir='ltr'><strong>legam</strong></span> <span class='ocrx_word' id='word_1_44' title='bbox 1009 1057 1140 1138; x_wconf 86' lang='lat' dir='ltr'><strong>tulerit,</strong></span> <span class='ocrx_word' id='word_1_45' title='bbox 1171 1062 1306 1146; x_wconf 86' lang='lat' dir='ltr'><strong>quali</strong></span> 
     </span>
     <span class='ocr_line' id='line_1_8' title="bbox 111 1176 1306 1265; baseline 0 -19"><span class='ocrx_word' id='word_1_46' title='bbox 111 1188 278 1248; x_wconf 89' lang='lat' dir='ltr'><strong>tantum</strong></span> <span class='ocrx_word' id='word_1_47' title='bbox 314 1178 601 1246; x_wconf 75' lang='lat' dir='ltr'><strong>Athenienses</strong></span> <span class='ocrx_word' id='word_1_48' title='bbox 636 1184 784 1244; x_wconf 89' lang='lat' dir='ltr'><strong>essent</strong></span> <span class='ocrx_word' id='word_1_49' title='bbox 824 1178 895 1265; x_wconf 92' lang='lat' dir='ltr'><strong>qui</strong></span> <span class='ocrx_word' id='word_1_50' title='bbox 931 1198 949 1245; x_wconf 90' lang='lat' dir='ltr'><strong>e</strong></span> <span class='ocrx_word' id='word_1_51' title='bbox 984 1176 1146 1246; x_wconf 91' lang='lat' dir='ltr'><strong>duohus</strong></span> <span class='ocrx_word' id='word_1_52' title='bbox 1188 1179 1306 1246; x_wconf 77' lang='lat' dir='ltr'><strong>Athe·</strong></span> 
     </span>
     <span class='ocr_line' id='line_1_9' title="bbox 112 1296 1307 1385; baseline -0.001 -18"><span class='ocrx_word' id='word_1_53' title='bbox 112 1299 337 1368; x_wconf 89' lang='lat' dir='ltr'><strong>niensihus</strong></span> <span class='ocrx_word' id='word_1_54' title='bbox 360 1300 451 1367; x_wconf 88' lang='lat' dir='ltr'><strong>nati</strong></span> <span class='ocrx_word' id='word_1_55' title='bbox 476 1304 637 1372; x_wconf 86' lang='lat' dir='ltr'><strong>essent;</strong></span> <span class='ocrx_word' id='word_1_56' title='bbox 662 1297 763 1382; x_wconf 86' lang='lat' dir='ltr'><strong>igitur</strong></span> <span class='ocrx_word' id='word_1_57' title='bbox 785 1296 874 1364; x_wconf 86' lang='lat' dir='ltr'><strong>credi</strong></span> <span class='ocrx_word' id='word_1_58' title='bbox 895 1316 989 1383; x_wconf 86' lang='lat' dir='ltr'><strong>posse</strong></span> <span class='ocrx_word' id='word_1_59' title='bbox 1008 1307 1119 1385; x_wconf 75' lang='lat' dir='ltr'><strong>poetae</strong></span> <span class='ocrx_word' id='word_1_60' title='bbox 1139 1298 1178 1365; x_wconf 94' lang='lat' dir='ltr'><strong>oh</strong></span> <span class='ocrx_word' id='word_1_61' title='bbox 1198 1299 1307 1369; x_wconf 90' lang='lat' dir='ltr'><strong>oculos</strong></span> 
     </span>
     <span class='ocr_line' id='line_1_10' title="bbox 110 1414 1305 1505; baseline 0.001 -19"><span class='ocrx_word' id='word_1_62' title='bbox 110 1421 235 1488; x_wconf 89' lang='lat' dir='ltr'><strong>uersari</strong></span> <span class='ocrx_word' id='word_1_63' title='bbox 254 1418 387 1486; x_wconf 82' lang='lat' dir='ltr'><strong>Periclis</strong></span> <span class='ocrx_word' id='word_1_64' title='bbox 410 1438 472 1484; x_wconf 92' lang='lat' dir='ltr'><strong>non</strong></span> <span class='ocrx_word' id='word_1_65' title='bbox 498 1416 623 1484; x_wconf 88' lang='lat' dir='ltr'><strong>Solonis</strong></span> <span class='ocrx_word' id='word_1_66' title='bbox 641 1414 756 1502; x_wconf 88' lang='lat' dir='ltr'><strong>legam.</strong></span> <span class='ocrx_word' id='word_1_67' title='bbox 790 1417 908 1494; x_wconf 66' lang='lat' dir='ltr'><strong>‚Huius</strong></span> <span class='ocrx_word' id='word_1_68' title='bbox 927 1420 1217 1503; x_wconf 75' lang='lat' dir='ltr'><strong>argumentationis</strong></span> <span class='ocrx_word' id='word_1_69' title='bbox 1234 1439 1305 1505; x_wconf 90' lang='lat' dir='ltr'><strong>gra·</strong></span> 
     </span>
     <span class='ocr_line' id='line_1_11' title="bbox 112 1536 1305 1626; baseline 0.003 -22"><span class='ocrx_word' id='word_1_70' title='bbox 112 1541 205 1606; x_wconf 84' lang='lat' dir='ltr'><strong>vitati</strong></span> <span class='ocrx_word' id='word_1_71' title='bbox 240 1540 300 1606; x_wconf 88' lang='lat' dir='ltr'><strong>etsi</strong></span> <span class='ocrx_word' id='word_1_72' title='bbox 328 1536 531 1623; x_wconf 89' lang='lat' dir='ltr'><strong>aliquetenus</strong></span> <span class='ocrx_word' id='word_1_73' title='bbox 554 1537 747 1615; x_wconf 88' lang='lat' dir='ltr'><strong>assentiam,</strong></span> <span class='ocrx_word' id='word_1_74' title='bbox 773 1538 965 1623; x_wconf 87' lang='lat' dir='ltr'><strong>praesertim</strong></span> <span class='ocrx_word' id='word_1_75' title='bbox 989 1557 1065 1606; x_wconf 86' lang='lat' dir='ltr'><strong>cum</strong></span> <span class='ocrx_word' id='word_1_76' title='bbox 1089 1540 1216 1626; x_wconf 80' lang='lat' dir='ltr'><strong>antiqui</strong></span> <span class='ocrx_word' id='word_1_77' title='bbox 1239 1545 1305 1610; x_wconf 92' lang='lat' dir='ltr'><strong>cui·</strong></span> 
     </span>
     <span class='ocr_line' id='line_1_12' title="bbox 112 1656 1306 1744; baseline 0.001 -18"><span class='ocrx_word' id='word_1_78' title='bbox 112 1661 191 1728; x_wconf 90' lang='lat' dir='ltr'><strong>lihet</strong></span> <span class='ocrx_word' id='word_1_79' title='bbox 223 1659 285 1744; x_wconf 85' lang='lat' dir='ltr'><strong>legi</strong></span> <span class='ocrx_word' id='word_1_80' title='bbox 313 1657 437 1726; x_wconf 89' lang='lat' dir='ltr'><strong>Solonis</strong></span> <span class='ocrx_word' id='word_1_81' title='bbox 468 1677 585 1725; x_wconf 88' lang='lat' dir='ltr'><strong>nornen</strong></span> <span class='ocrx_word' id='word_1_82' title='bbox 616 1659 790 1744; x_wconf 81' lang='lat' dir='ltr'><strong>appingere</strong></span> <span class='ocrx_word' id='word_1_83' title='bbox 820 1656 960 1734; x_wconf 83' lang='lat' dir='ltr'><strong>soleant,</strong></span> <span class='ocrx_word' id='word_1_84' title='bbox 987 1678 1051 1744; x_wconf 94' lang='lat' dir='ltr'><strong>quo</strong></span> <span class='ocrx_word' id='word_1_85' title='bbox 1073 1660 1145 1727; x_wconf 91' lang='lat' dir='ltr'><strong>eius</strong></span> <span class='ocrx_word' id='word_1_86' title='bbox 1169 1664 1306 1728; x_wconf 89' lang='lat' dir='ltr'><strong>auctori·</strong></span> 
     </span>
     <span class='ocr_line' id='line_1_13' title="bbox 113 1775 1308 1865; baseline 0.001 -19"><span class='ocrx_word' id='word_1_87' title='bbox 113 1789 214 1847; x_wconf 88' lang='lat' dir='ltr'><strong>tatem</strong></span> <span class='ocrx_word' id='word_1_88' title='bbox 245 1786 404 1864; x_wconf 78' lang='lat' dir='ltr'><strong>augeant,</strong></span> <span class='ocrx_word' id='word_1_89' title='bbox 436 1779 490 1863; x_wconf 93' lang='lat' dir='ltr'><strong>qui</strong></span> <span class='ocrx_word' id='word_1_90' title='bbox 523 1779 567 1842; x_wconf 91' lang='lat' dir='ltr'><strong>ita</strong></span> <span class='ocrx_word' id='word_1_91' title='bbox 600 1785 733 1843; x_wconf 89' lang='lat' dir='ltr'><strong>censent</strong></span> <span class='ocrx_word' id='word_1_92' title='bbox 764 1775 917 1862; x_wconf 88' lang='lat' dir='ltr'><strong>redargui</strong></span> <span class='ocrx_word' id='word_1_93' title='bbox 949 1785 1056 1845; x_wconf 91' lang='lat' dir='ltr'><strong>tamen</strong></span> <span class='ocrx_word' id='word_1_94' title='bbox 1084 1799 1119 1844; x_wconf 89' lang='lat' dir='ltr'><strong>se</strong></span> <span class='ocrx_word' id='word_1_95' title='bbox 1142 1781 1308 1865; x_wconf 88' lang='lat' dir='ltr'><strong>patiantur</strong></span> 
     </span>
     <span class='ocr_line' id='line_1_14' title="bbox 113 1894 1307 1983; baseline 0.003 -21"><span class='ocrx_word' id='word_1_96' title='bbox 113 1907 302 1983; x_wconf 89' lang='lat' dir='ltr'><strong>reputantes</strong></span> <span class='ocrx_word' id='word_1_97' title='bbox 320 1895 544 1980; x_wconf 82' lang='lat' dir='ltr'><strong>Aristophanis</strong></span> <span class='ocrx_word' id='word_1_98' title='bbox 564 1903 709 1980; x_wconf 83' lang='lat' dir='ltr'><strong>ternpore</strong></span> <span class='ocrx_word' id='word_1_99' title='bbox 729 1894 862 1963; x_wconf 80' lang='lat' dir='ltr'><strong>Periclis</strong></span> <span class='ocrx_word' id='word_1_100' title='bbox 882 1894 986 1979; x_wconf 89' lang='lat' dir='ltr'><strong>legem</strong></span> <span class='ocrx_word' id='word_1_101' title='bbox 1005 1895 1135 1982; x_wconf 88' lang='lat' dir='ltr'><strong>quidem</strong></span> <span class='ocrx_word' id='word_1_102' title='bbox 1154 1899 1307 1977; x_wconf 77' lang='lat' dir='ltr'><strong>valuisse,</strong></span> 
     </span>
     <span class='ocr_line' id='line_1_15' title="bbox 118 2012 1308 2103; baseline 0.003 -21"><span class='ocrx_word' id='word_1_103' title='bbox 118 2015 174 2083; x_wconf 89' lang='lat' dir='ltr'><strong>sed</strong></span> <span class='ocrx_word' id='word_1_104' title='bbox 205 2022 316 2103; x_wconf 80' lang='lat' dir='ltr'><strong>poetae</strong></span> <span class='ocrx_word' id='word_1_105' title='bbox 339 2034 403 2079; x_wconf 92' lang='lat' dir='ltr'><strong>non</strong></span> <span class='ocrx_word' id='word_1_106' title='bbox 427 2033 507 2100; x_wconf 87' lang='lat' dir='ltr'><strong>opus</strong></span> <span class='ocrx_word' id='word_1_107' title='bbox 529 2012 629 2080; x_wconf 88' lang='lat' dir='ltr'><strong>luisse</strong></span> <span class='ocrx_word' id='word_1_108' title='bbox 652 2013 722 2098; x_wconf 88' lang='lat' dir='ltr'><strong>lege</strong></span> <span class='ocrx_word' id='word_1_109' title='bbox 743 2013 783 2080; x_wconf 88' lang='lat' dir='ltr'><strong>de</strong></span> <span class='ocrx_word' id='word_1_110' title='bbox 807 2015 954 2093; x_wconf 86' lang='lat' dir='ltr'><strong>ciuitate,</strong></span> <span class='ocrx_word' id='word_1_111' title='bbox 979 2014 1035 2082; x_wconf 88' lang='lat' dir='ltr'><strong>sed</strong></span> <span class='ocrx_word' id='word_1_112' title='bbox 1058 2015 1097 2083; x_wconf 88' lang='lat' dir='ltr'><strong>de</strong></span> <span class='ocrx_word' id='word_1_113' title='bbox 1121 2019 1192 2086; x_wconf 85' lang='lat' dir='ltr'><strong>iure</strong></span> <span class='ocrx_word' id='word_1_114' title='bbox 1215 2018 1308 2087; x_wconf 88' lang='lat' dir='ltr'><strong>here·</strong></span> 
     </span>
     <span class='ocr_line' id='line_1_16' title="bbox 117 2133 1308 2226; baseline 0.003 -24"><span class='ocrx_word' id='word_1_115' title='bbox 117 2135 251 2209; x_wconf 76' lang='lat' dir='ltr'><strong>olitaria:</strong></span> <span class='ocrx_word' id='word_1_116' title='bbox 284 2134 362 2200; x_wconf 88' lang='lat' dir='ltr'><strong>haec</strong></span> <span class='ocrx_word' id='word_1_117' title='bbox 390 2141 498 2200; x_wconf 89' lang='lat' dir='ltr'><strong>autem</strong></span> <span class='ocrx_word' id='word_1_118' title='bbox 524 2133 573 2201; x_wconf 78' lang='lat' dir='ltr'><strong>les</strong></span> <span class='ocrx_word' id='word_1_119' title='bbox 598 2155 616 2200; x_wconf 88' lang='lat' dir='ltr'><strong>a</strong></span> <span class='ocrx_word' id='word_1_120' title='bbox 641 2134 754 2201; x_wconf 89' lang='lat' dir='ltr'><strong>Solone</strong></span> <span class='ocrx_word' id='word_1_121' title='bbox 777 2133 841 2201; x_wconf 89' lang='lat' dir='ltr'><strong>lata</strong></span> <span class='ocrx_word' id='word_1_122' title='bbox 864 2134 1001 2204; x_wconf 86' lang='lat' dir='ltr'><strong>fortasse</strong></span> <span class='ocrx_word' id='word_1_123' title='bbox 1024 2157 1042 2204; x_wconf 89' lang='lat' dir='ltr'><strong>a</strong></span> <span class='ocrx_word' id='word_1_124' title='bbox 1068 2137 1189 2206; x_wconf 85' lang='lat' dir='ltr'><strong>Pericle</strong></span> <span class='ocrx_word' id='word_1_125' title='bbox 1202 2139 1228 2226; x_wconf 81' lang='lat'><strong>²)</strong></span> <span class='ocrx_word' id='word_1_126' title='bbox 1253 2159 1308 2206; x_wconf 91' lang='lat' dir='ltr'><strong>au·</strong></span> 
     </span>
     <span class='ocr_line' id='line_1_17' title="bbox 115 2254 1308 2344; baseline 0.003 -21"><span class='ocrx_word' id='word_1_127' title='bbox 115 2266 168 2325; x_wconf 90' lang='lat' dir='ltr'><strong>cta</strong></span> <span class='ocrx_word' id='word_1_128' title='bbox 200 2263 261 2322; x_wconf 87' lang='lat' dir='ltr'><strong>est.</strong></span> <span class='ocrx_word' id='word_1_129' title='bbox 313 2254 508 2340; x_wconf 86' lang='lat' dir='ltr'><strong>Diligentius</strong></span> <span class='ocrx_word' id='word_1_130' title='bbox 532 2273 608 2322; x_wconf 84' lang='lat' dir='ltr'><strong>vero</strong></span> <span class='ocrx_word' id='word_1_131' title='bbox 633 2263 743 2340; x_wconf 81' lang='lat' dir='ltr'><strong>poetae</strong></span> <span class='ocrx_word' id='word_1_132' title='bbox 769 2254 874 2322; x_wconf 87' lang='lat' dir='ltr'><strong>locum</strong></span> <span class='ocrx_word' id='word_1_133' title='bbox 898 2256 1105 2344; x_wconf 81' lang='lat' dir='ltr'><strong>inspicientes</strong></span> <span class='ocrx_word' id='word_1_134' title='bbox 1129 2257 1308 2327; x_wconf 85' lang='lat' dir='ltr'><strong>uidebimus</strong></span> 
     </span>
     <span class='ocr_line' id='line_1_18' title="bbox 114 2374 612 2461; baseline -0.002 -19"><span class='ocrx_word' id='word_1_135' title='bbox 114 2397 191 2445; x_wconf 82' lang='lat' dir='ltr'><strong>vera</strong></span> <span class='ocrx_word' id='word_1_136' title='bbox 214 2396 285 2443; x_wconf 89' lang='lat' dir='ltr'><strong>esse</strong></span> <span class='ocrx_word' id='word_1_137' title='bbox 308 2395 390 2461; x_wconf 91' lang='lat' dir='ltr'><strong>quae</strong></span> <span class='ocrx_word' id='word_1_138' title='bbox 415 2374 508 2440; x_wconf 90' lang='lat' dir='ltr'><strong>modo</strong></span> <span class='ocrx_word' id='word_1_139' title='bbox 532 2374 612 2441; x_wconf 86' lang='lat' dir='ltr'><strong>dixi.</strong></span> 
     </span>
    </p>

    <p class='ocr_par' dir='ltr' id='par_1_5' title="bbox 162 2494 875 2582">
     <span class='ocr_line' id='line_1_19' title="bbox 162 2494 875 2582; baseline 0.001 -20"><span class='ocrx_word' id='word_1_140' title='bbox 162 2497 382 2564; x_wconf 88' lang='lat' dir='ltr'><strong>Pisthetaerus</strong></span> <span class='ocrx_word' id='word_1_141' title='bbox 406 2497 491 2561; x_wconf 88' lang='lat' dir='ltr'><strong>enim</strong></span> <span class='ocrx_word' id='word_1_142' title='bbox 520 2496 565 2561; x_wconf 89' lang='lat' dir='ltr'><strong>ita</strong></span> <span class='ocrx_word' id='word_1_143' title='bbox 589 2494 629 2560; x_wconf 88' lang='lat' dir='ltr'><strong>ad</strong></span> <span class='ocrx_word' id='word_1_144' title='bbox 655 2495 875 2582; x_wconf 77' lang='lat' dir='ltr'><strong>Heraclem³lz</strong></span> 
     </span>
    </p>

    <p class='ocr_par' dir='ltr' id='par_1_6' title="bbox 297 2617 1099 2818">
     <span class='ocr_line' id='line_1_20' title="bbox 297 2617 1034 2698; baseline 0.004 -16"><span class='ocrx_word' id='word_1_145' title='bbox 297 2624 355 2684; x_wconf 80' lang='grc' dir='ltr'><strong>τῶν</strong></span> <span class='ocrx_word' id='word_1_146' title='bbox 378 2618 441 2698; x_wconf 74' lang='grc' dir='ltr'><strong>γὰρ</strong></span> <span class='ocrx_word' id='word_1_147' title='bbox 464 2617 610 2698; x_wconf 68' lang='grc' dir='ltr'><strong><em>πατρῴων</em></strong></span> <span class='ocrx_word' id='word_1_148' title='bbox 633 2617 694 2682; x_wconf 77' lang='grc' dir='ltr'><em>οὐδ’</em></span> <span class='ocrx_word' id='word_1_149' title='bbox 718 2619 818 2698; x_wconf 69' lang='grc' dir='ltr'><strong><em>ἀκαρῆ</em></strong></span> <span class='ocrx_word' id='word_1_150' title='bbox 839 2618 970 2696; x_wconf 76' lang='grc' dir='ltr'><strong><em>μέτεστί</em></strong></span> <span class='ocrx_word' id='word_1_151' title='bbox 990 2643 1034 2686; x_wconf 83' lang='grc' dir='ltr'><strong>σοι</strong></span> 
     </span>
     <span class='ocr_line' id='line_1_21' title="bbox 297 2734 1099 2818; baseline -0.001 -14"><span class='ocrx_word' id='word_1_152' title='bbox 297 2739 383 2804; x_wconf 64' lang='grc' dir='ltr'><strong>κατὰ</strong></span> <span class='ocrx_word' id='word_1_153' title='bbox 407 2738 475 2810; x_wconf 77' lang='grc' dir='ltr'><strong>τοὺς</strong></span> <span class='ocrx_word' id='word_1_154' title='bbox 501 2734 628 2817; x_wconf 71' lang='grc' dir='ltr'><strong>νόμους·</strong></span> <span class='ocrx_word' id='word_1_155' title='bbox 652 2736 730 2810; x_wconf 76' lang='grc' dir='ltr'><em>νόθος</em></span> <span class='ocrx_word' id='word_1_156' title='bbox 755 2739 818 2818; x_wconf 71' lang='grc' dir='ltr'><strong>γὰρ</strong></span> <span class='ocrx_word' id='word_1_157' title='bbox 842 2735 872 2804; x_wconf 78' lang='lat' dir='ltr'><strong>al</strong></span> <span class='ocrx_word' id='word_1_158' title='bbox 893 2741 945 2805; x_wconf 75' lang='grc' dir='ltr'><strong><em>κοῦ</em></strong></span> <span class='ocrx_word' id='word_1_159' title='bbox 968 2741 1099 2818; x_wconf 71' lang='grc' dir='ltr'><strong>γνήσιος.</strong></span> 
     </span>
    </p>

    <p class='ocr_par' dir='ltr' id='par_1_7' title="bbox 298 2860 683 3056">
     <span class='ocr_line' id='line_1_22' title="bbox 434 2860 507 2921; baseline 0 0"><span class='ocrx_word' id='word_1_160' title='bbox 434 2860 507 2921; x_wconf 77' lang='grc' dir='ltr'><strong>ἨΡ.</strong></span> 
     </span>
     <span class='ocr_line' id='line_1_23' title="bbox 298 2976 683 3056; baseline -0.008 -12"><span class='ocrx_word' id='word_1_161' title='bbox 298 2980 359 3056; x_wconf 71' lang='grc' dir='ltr'><strong>ἐγὼ</strong></span> <span class='ocrx_word' id='word_1_162' title='bbox 383 2978 480 3052; x_wconf 68' lang='grc' dir='ltr'><strong>νόθοις</strong></span> <span class='ocrx_word' id='word_1_163' title='bbox 504 2977 537 3043; x_wconf 74' lang='grc' dir='ltr'><strong>τί</strong></span> <span class='ocrx_word' id='word_1_164' title='bbox 559 2976 683 3056; x_wconf 55' lang='lat' dir='ltr'><strong>elysum</strong></span> 
     </span>
    </p>

    <p class='ocr_par' dir='ltr' id='par_1_8' title="bbox 432 3106 574 3164">
     <span class='ocr_line' id='line_1_24' title="bbox 432 3106 574 3164; baseline -0.021 0"><span class='ocrx_word' id='word_1_165' title='bbox 432 3106 574 3164; x_wconf 84' lang='grc' dir='ltr'><strong>ΠΕῙΣΘ.</strong></span> 
     </span>
    </p>

    <p class='ocr_par' dir='ltr' id='par_1_9' title="bbox 603 3217 934 3297">
     <span class='ocr_line' id='line_1_25' title="bbox 603 3217 934 3297; baseline 0.003 -16"><span class='ocrx_word' id='word_1_166' title='bbox 603 3218 641 3282; x_wconf 80' lang='grc' dir='ltr'><strong>σὺ</strong></span> <span class='ocrx_word' id='word_1_167' title='bbox 664 3217 784 3297; x_wconf 80' lang='grc' dir='ltr'>μέντοι,</span> <span class='ocrx_word' id='word_1_168' title='bbox 810 3219 843 3292; x_wconf 71' lang='grc' dir='ltr'><strong>νὴ</strong></span> <span class='ocrx_word' id='word_1_169' title='bbox 868 3217 934 3282; x_wconf 75' lang='grc' dir='ltr'><strong>Δία</strong></span> 
     </span>
    </p>

    <p class='ocr_par' dir='ltr' id='par_1_10' title="bbox 299 3337 1013 3661">
     <span class='ocr_line' id='line_1_26' title="bbox 300 3337 986 3418; baseline -0.001 -13"><span class='ocrx_word' id='word_1_170' title='bbox 300 3341 337 3405; x_wconf 81' lang='grc' dir='ltr'><strong>ὤν</strong></span> <span class='ocrx_word' id='word_1_171' title='bbox 360 3364 400 3418; x_wconf 71' lang='grc' dir='ltr'><strong>γε</strong></span> <span class='ocrx_word' id='word_1_172' title='bbox 422 3338 507 3415; x_wconf 72' lang='grc' dir='ltr'><em>ξένης</em></span> <span class='ocrx_word' id='word_1_173' title='bbox 530 3337 693 3417; x_wconf 70' lang='grc' dir='ltr'><strong>γυναικός·</strong></span> <span class='ocrx_word' id='word_1_174' title='bbox 719 3339 736 3414; x_wconf 75' lang='grc' dir='ltr'>ἢ</span> <span class='ocrx_word' id='word_1_175' title='bbox 761 3343 825 3412; x_wconf 70' lang='grc' dir='ltr'><strong>πῶς</strong></span> <span class='ocrx_word' id='word_1_176' title='bbox 849 3337 887 3404; x_wconf 70' lang='grc' dir='ltr'><strong>ἄν</strong></span> <span class='ocrx_word' id='word_1_177' title='bbox 911 3361 986 3404; x_wconf 79' lang='grc' dir='ltr'><strong>ποτε</strong></span> 
     </span>
     <span class='ocr_line' id='line_1_27' title="bbox 299 3455 943 3544; baseline 0 -19"><span class='ocrx_word' id='word_1_178' title='bbox 299 3461 457 3542; x_wconf 75' lang='grc' dir='ltr'><strong><em>ἐπίκληρον</em></strong></span> <span class='ocrx_word' id='word_1_179' title='bbox 480 3455 558 3526; x_wconf 67' lang='grc' dir='ltr'>εἶναι</span> <span class='ocrx_word' id='word_1_180' title='bbox 581 3461 636 3533; x_wconf 76' lang='lat' dir='ltr'><strong>rhu</strong></span> <span class='ocrx_word' id='word_1_181' title='bbox 659 3458 824 3544; x_wconf 70' lang='lat' dir='ltr'><strong>’sequelae</strong></span> <span class='ocrx_word' id='word_1_182' title='bbox 848 3459 943 3531; x_wconf 77' lang='grc' dir='ltr'><strong><em>δοκεῖς</em></strong></span> 
     </span>
     <span class='ocr_line' id='line_1_28' title="bbox 301 3575 1013 3661; baseline -0.004 -15"><span class='ocrx_word' id='word_1_183' title='bbox 301 3575 393 3647; x_wconf 68' lang='grc' dir='ltr'><em>οὖσαν</em></span> <span class='ocrx_word' id='word_1_184' title='bbox 416 3580 561 3661; x_wconf 70' lang='grc' dir='ltr'><strong>θυγατέρ’</strong></span> <span class='ocrx_word' id='word_1_185' title='bbox 584 3578 673 3644; x_wconf 69' lang='grc' dir='ltr'><em>ὄντων</em></span> <span class='ocrx_word' id='word_1_186' title='bbox 698 3578 842 3660; x_wconf 68' lang='grc' dir='ltr'><strong>ἀδελφῶν</strong></span> <span class='ocrx_word' id='word_1_187' title='bbox 865 3577 1013 3655; x_wconf 65' lang='lat' dir='ltr'><strong>pluuium</strong></span> 
     </span>
    </p>
   </div>
   <div class='ocr_carea' id='block_1_4' title="bbox 117 3768 331 3783">
    <p class='ocr_par' dir='ltr' id='par_1_11' title="bbox 117 3768 331 3783">
     <span class='ocr_line' id='line_1_29' title="bbox 117 3768 331 3783; baseline -0.014 -2"><span class='ocrx_word' id='word_1_188' title='bbox 117 3768 331 3783; x_wconf 66' lang='grc' dir='ltr'><strong>ι..---σ---ι----</strong></span> 
     </span>
    </p>
   </div>
   <div class='ocr_carea' id='block_1_5' title="bbox 156 3906 1310 4072">
    <p class='ocr_par' dir='ltr' id='par_1_12' title="bbox 156 3906 1310 4072">
     <span class='ocr_line' id='line_1_30' title="bbox 156 3906 627 3981; baseline -0.017 -15"><span class='ocrx_word' id='word_1_189' title='bbox 156 3915 186 3981; x_wconf 93' lang='grc'><strong>1)</strong></span> <span class='ocrx_word' id='word_1_190' title='bbox 205 3909 305 3966; x_wconf 81' lang='lat' dir='ltr'><strong>Pabnla</strong></span> <span class='ocrx_word' id='word_1_191' title='bbox 323 3916 382 3964; x_wconf 87' lang='lat' dir='ltr'><strong>acta</strong></span> <span class='ocrx_word' id='word_1_192' title='bbox 401 3915 440 3960; x_wconf 82' lang='lat' dir='ltr'><strong>est</strong></span> <span class='ocrx_word' id='word_1_193' title='bbox 458 3906 492 3960; x_wconf 87' lang='lat' dir='ltr'><strong>ol.</strong></span> <span class='ocrx_word' id='word_1_194' title='bbox 511 3907 582 3970; x_wconf 79' lang='lat' dir='ltr'><strong>XCI,</strong></span> <span class='ocrx_word' id='word_1_195' title='bbox 602 3909 627 3958; x_wconf 82' lang='grc'><strong>3.</strong></span> 
     </span>
     <span class='ocr_line' id='line_1_31' title="bbox 156 3987 1310 4072; baseline -0.008 -16"><span class='ocrx_word' id='word_1_196' title='bbox 156 4005 187 4072; x_wconf 72' lang='grc'><strong>2)</strong></span> <span class='ocrx_word' id='word_1_197' title='bbox 206 4003 405 4065; x_wconf 83' lang='lat' dir='ltr'><strong>Westermann‚</strong></span> <span class='ocrx_word' id='word_1_198' title='bbox 434 3995 513 4049; x_wconf 85' lang='lat' dir='ltr'><strong>Beitr.</strong></span> <span class='ocrx_word' id='word_1_199' title='bbox 542 4011 589 4048; x_wconf 87' lang='lat' dir='ltr'><strong>aur</strong></span> <span class='ocrx_word' id='word_1_200' title='bbox 613 3992 699 4066; x_wconf 82' lang='lat' dir='ltr'><strong>geach.</strong></span> <span class='ocrx_word' id='word_1_201' title='bbox 717 3991 762 4046; x_wconf 87' lang='lat' dir='ltr'><strong>des</strong></span> <span class='ocrx_word' id='word_1_202' title='bbox 780 4001 830 4046; x_wconf 84' lang='lat' dir='ltr'><strong>att.</strong></span> <span class='ocrx_word' id='word_1_203' title='bbox 851 3987 1181 4064; x_wconf 72' lang='lat' dir='ltr'><strong>burgernechtslllerichte</strong></span> <span class='ocrx_word' id='word_1_204' title='bbox 1200 3989 1265 4046; x_wconf 85' lang='lat' dir='ltr'><strong>iiber</strong></span> <span class='ocrx_word' id='word_1_205' title='bbox 1284 3992 1310 4048; x_wconf 88' lang='lat' dir='ltr'><strong>d.</strong></span> 
     </span>
    </p>
   </div>
   <div class='ocr_carea' id='block_1_6' title="bbox 117 4078 1312 4334">
    <p class='ocr_par' dir='ltr' id='par_1_13' title="bbox 117 4078 1312 4334">
     <span class='ocr_line' id='line_1_32' title="bbox 118 4078 1312 4157; baseline -0.008 -12"><span class='ocrx_word' id='word_1_206' title='bbox 118 4089 243 4145; x_wconf 84' lang='lat' dir='ltr'><strong>nerhend.</strong></span> <span class='ocrx_word' id='word_1_207' title='bbox 272 4089 317 4143; x_wconf 88' lang='lat' dir='ltr'><strong>des</strong></span> <span class='ocrx_word' id='word_1_208' title='bbox 341 4087 367 4141; x_wconf 88' lang='lat' dir='ltr'><strong>h.</strong></span> <span class='ocrx_word' id='word_1_209' title='bbox 397 4084 478 4139; x_wconf 78' lang='lat' dir='ltr'><strong>siche.</strong></span> <span class='ocrx_word' id='word_1_210' title='bbox 504 4080 911 4157; x_wconf 73' lang='lat' dir='ltr'><strong>ges.derw,184ll,p.2tl⁰).</strong></span> <span class='ocrx_word' id='word_1_211' title='bbox 948 4084 1041 4152; x_wconf 77' lang='lat' dir='ltr'><strong>Legem</strong></span> <span class='ocrx_word' id='word_1_212' title='bbox 1062 4078 1171 4135; x_wconf 76' lang='lat' dir='ltr'><strong>Euclide</strong></span> <span class='ocrx_word' id='word_1_213' title='bbox 1189 4080 1312 4137; x_wconf 86' lang='lat' dir='ltr'><strong>archonte</strong></span> 
     </span>
     <span class='ocr_line' id='line_1_33' title="bbox 117 4167 1311 4244; baseline -0.009 -10"><span class='ocrx_word' id='word_1_214' title='bbox 117 4180 295 4234; x_wconf 82' lang='lat' dir='ltr'><strong>instauratam</strong></span> <span class='ocrx_word' id='word_1_215' title='bbox 324 4194 377 4231; x_wconf 86' lang='lat' dir='ltr'><strong>esse</strong></span> <span class='ocrx_word' id='word_1_216' title='bbox 401 4175 475 4229; x_wconf 84' lang='lat' dir='ltr'><strong>docet</strong></span> <span class='ocrx_word' id='word_1_217' title='bbox 494 4175 527 4227; x_wconf 83' lang='lat' dir='ltr'><strong>le.</strong></span> <span class='ocrx_word' id='word_1_218' title='bbox 546 4172 578 4225; x_wconf 87' lang='lat' dir='ltr'><strong>de</strong></span> <span class='ocrx_word' id='word_1_219' title='bbox 597 4169 662 4225; x_wconf 84' lang='lat' dir='ltr'><strong>Phil.</strong></span> <span class='ocrx_word' id='word_1_220' title='bbox 683 4169 736 4226; x_wconf 88' lang='lat' dir='ltr'><strong>her.</strong></span> <span class='ocrx_word' id='word_1_221' title='bbox 758 4191 782 4244; x_wconf 91' lang='lat' dir='ltr'><strong>p.</strong></span> <span class='ocrx_word' id='word_1_222' title='bbox 794 4173 844 4237; x_wconf 79' lang='lat' dir='ltr'><strong>tlt,</strong></span> <span class='ocrx_word' id='word_1_223' title='bbox 866 4171 880 4240; x_wconf 66' lang='lat' dir='ltr'><strong>p</strong></span> <span class='ocrx_word' id='word_1_224' title='bbox 900 4172 950 4238; x_wconf 75' lang='lat'><strong>4⁷,</strong></span> <span class='ocrx_word' id='word_1_225' title='bbox 970 4167 1079 4224; x_wconf 85' lang='lat' dir='ltr'><strong>andeis</strong></span> <span class='ocrx_word' id='word_1_226' title='bbox 1098 4168 1145 4243; x_wconf 87' lang='lat' dir='ltr'><strong>qui</strong></span> <span class='ocrx_word' id='word_1_227' title='bbox 1164 4167 1231 4242; x_wconf 79' lang='lat' dir='ltr'><strong>leges</strong></span> <span class='ocrx_word' id='word_1_228' title='bbox 1250 4187 1311 4224; x_wconf 82' lang='lat' dir='ltr'><strong>corr-</strong></span> 
     </span>
     <span class='ocr_line' id='line_1_34' title="bbox 117 4257 1311 4334; baseline -0.009 -12"><span class='ocrx_word' id='word_1_229' title='bbox 117 4267 197 4323; x_wconf 85' lang='lat' dir='ltr'><strong>llavit</strong></span> <span class='ocrx_word' id='word_1_230' title='bbox 215 4267 248 4324; x_wconf 86' lang='lat' dir='ltr'><strong>ed</strong></span> <span class='ocrx_word' id='word_1_231' title='bbox 267 4276 332 4322; x_wconf 84' lang='lat' dir='ltr'><strong>orat.</strong></span> <span class='ocrx_word' id='word_1_232' title='bbox 352 4264 409 4320; x_wconf 80' lang='lat' dir='ltr'><strong>adr.</strong></span> <span class='ocrx_word' id='word_1_233' title='bbox 429 4267 532 4318; x_wconf 78' lang='lat' dir='ltr'><strong>hasart.</strong></span> <span class='ocrx_word' id='word_1_234' title='bbox 552 4257 710 4331; x_wconf 81' lang='lat' dir='ltr'><strong>[Demosth]</strong></span> <span class='ocrx_word' id='word_1_235' title='bbox 731 4279 754 4334; x_wconf 87' lang='lat' dir='ltr'><strong>p.</strong></span> <span class='ocrx_word' id='word_1_236' title='bbox 767 4261 852 4327; x_wconf 76' lang='lat'><strong>106⁷,</strong></span> <span class='ocrx_word' id='word_1_237' title='bbox 872 4259 887 4330; x_wconf 81' lang='lat'>§</span> <span class='ocrx_word' id='word_1_238' title='bbox 908 4262 941 4314; x_wconf 80' lang='lat'><strong>51</strong></span> <span class='ocrx_word' id='word_1_239' title='bbox 962 4275 1009 4315; x_wconf 81' lang='lat' dir='ltr'><strong>rua</strong></span> <span class='ocrx_word' id='word_1_240' title='bbox 1027 4258 1138 4327; x_wconf 73' lang='lat' dir='ltr'><strong>sumsitq</strong></span> <span class='ocrx_word' id='word_1_241' title='bbox 1156 4257 1200 4314; x_wconf 87' lang='lat' dir='ltr'><strong>sed</strong></span> <span class='ocrx_word' id='word_1_242' title='bbox 1220 4257 1266 4314; x_wconf 88' lang='lat' dir='ltr'><strong>huo</strong></span> <span class='ocrx_word' id='word_1_243' title='bbox 1279 4257 1311 4313; x_wconf 84' lang='lat' dir='ltr'><strong>de</strong></span> 
     </span>
    </p>
   </div>
   <div class='ocr_carea' id='block_1_7' title="bbox 118 4357 409 4521">
    <p class='ocr_par' dir='ltr' id='par_1_14' title="bbox 118 4357 409 4521">
     <span class='ocr_line' id='line_1_35' title="bbox 118 4357 243 4413; baseline 0.008 -3"><span class='ocrx_word' id='word_1_244' title='bbox 118 4377 148 4413; x_wconf 84' lang='lat' dir='ltr'><strong>re</strong></span> <span class='ocrx_word' id='word_1_245' title='bbox 167 4357 243 4412; x_wconf 79' lang='lat' dir='ltr'><strong>infra.</strong></span> 
     </span>
     <span class='ocr_line' id='line_1_36' title="bbox 158 4449 409 4521; baseline -0.024 -17"><span class='ocrx_word' id='word_1_246' title='bbox 158 4453 188 4521; x_wconf 88' lang='lat'><strong>3)</strong></span> <span class='ocrx_word' id='word_1_247' title='bbox 208 4466 243 4505; x_wconf 83' lang='lat' dir='ltr'><strong>ns.</strong></span> <span class='ocrx_word' id='word_1_248' title='bbox 263 4449 336 4502; x_wconf 71' lang='lat'><strong>1649</strong></span> <span class='ocrx_word' id='word_1_249' title='bbox 355 4463 409 4518; x_wconf 86' lang='lat' dir='ltr'><strong>sqq.</strong></span> 
     </span>
    </p>
   </div>
   <div class='ocr_carea' id='block_1_8' title="bbox 0 0 1434 5018">
    <p class='ocr_par' dir='ltr' id='par_1_15' title="bbox 0 0 1434 5018">
     <span class='ocr_line' id='line_1_37' title="bbox 0 0 1434 5018; baseline 0 0"><span class='ocrx_word' id='word_1_250' title='bbox 0 0 1434 5018; x_wconf 95' lang='lat' dir='ltr'><strong> </strong></span> 
     </span>
    </p>
   </div>
  </div>
 </body>
</html>
