2842 5018
695 263 757 327 lot

130 452 234 538 magis
258 458 307 518 est
332 448 430 517 tutela
454 467 551 535 quarn
577 455 736 535 potestas,
761 446 896 536 ideoque
920 467 1017 535 quam
1044 448 1185 515 maxime
1209 448 1249 514 ab
1275 469 1326 515 eo·

128 571 201 638 dem
231 571 382 638 instituto
411 569 496 656 apud
520 569 680 636 Romanos
703 568 864 636 abhorret.
912 570 1022 655 Ipsum
1048 567 1324 656 vocabulumque

127 691 187 757 boc
219 690 321 777 patris
356 690 406 756 ius
436 688 640 775 significatur
669 687 754 775 apud
783 689 921 756 Graecos
954 709 1016 755 non
1045 696 1169 766 exstat,
1209 689 1255 755 ita
1289 697 1323 755 ut

6 893 10 896 ‚
125 812 266 898 cuipiam
299 809 378 878 baec
408 809 644 896 disquisitionis
676 831 751 897 pars
780 811 910 877 nomine
933 829 952 876 a
975 829 1012 876 re
1035 809 1141 876 atieno
1164 809 1323 896 inscripta

124 931 228 997 videri
261 932 374 1018 possit.
423 929 505 998 Sunt
539 940 647 998 tamen
675 930 781 998 officia
802 940 899 1018 atque
921 932 995 997 iura
1018 931 1121 1017 patris
1143 951 1224 1018 erga
1247 929 1321 999 ttbe

124 1071 191 1127 ros:
223 1051 302 1119 baec
326 1071 390 1138 quo
413 1050 507 1117 modo
531 1051 710 1118 indicarem
734 1071 797 1118 non
823 1073 902 1119 usus
925 1052 1049 1138 patriae
1072 1052 1244 1138 potestatis
1267 1070 1322 1119 ro·

124 1171 238 1239 cabulo
270 1172 468 1247 nesciebam
500 1172 626 1238 veniam
655 1173 756 1258 igitur
778 1191 850 1251 oro,
874 1173 902 1239 si
925 1192 1022 1258 quem
1049 1173 1081 1237 in
1105 1171 1165 1239 boo
1191 1173 1319 1247 nomint

124 1291 246 1379 aliquid
271 1291 450 1359 offenderit.

168 1410 256 1479 Adeo
279 1410 361 1479 lenis
381 1410 546 1497 legislator
569 1410 629 1478 bae
655 1413 687 1476 in
712 1418 869 1499 potestate
894 1411 1013 1479 tuenda
1035 1411 1116 1490 init,
1143 1421 1180 1479 ut
1201 1413 1319 1502 Diony-

123 1534 193 1598 sius
213 1531 490 1600 Halicarnasensis
503 1533 529 1620 ¹)
553 1538 694 1598 testetur
714 1531 861 1598 Solonem
883 1551 999 1619 poenas
1019 1531 1151 1617 quidem
1172 1535 1319 1601 sanxisse

123 1653 157 1718 iu
181 1651 298 1718 liberos
320 1655 389 1719 suis
411 1651 600 1740 parentibus
623 1671 686 1717 non
711 1651 912 1731 obedientes,
935 1672 989 1719 eas
1009 1672 1085 1718 vero
1106 1673 1170 1719 non
1192 1673 1316 1739 graves.

168 1773 380 1859 Properemus
403 1791 478 1840 vero
501 1771 542 1839 ad
563 1772 631 1858 ipsa
650 1772 733 1838 iuris
753 1773 903 1839 instituta
922 1772 1153 1859 videamusque
1172 1775 1315 1860 primum

122 1893 162 1959 de
184 1893 287 1979 patris
310 1891 437 1971 officiis,
461 1893 548 1959 inter
571 1912 654 1979 quae
677 1893 870 1980 primarium
891 1901 939 1959 est
959 1913 1038 1960 cura
1060 1893 1179 1961 tiberos
1201 1894 1312 1961 inscri-

121 2011 216 2080 bendi
238 2012 402 2099 phratriae
422 2021 454 2080 et
474 2012 560 2080 demi
579 2011 714 2089 tabulis,
735 2021 805 2080 turn
824 2012 864 2080 de
877 2013 1002 2081 iuribus
1014 2012 1153 2100 denique
1166 2013 1207 2081 de
1219 2013 1318 2081 variis

122 2132 239 2218 quibus
260 2134 366 2219 patria
391 2139 533 2220 potestas
557 2134 753 2201 terminatur
776 2134 891 2202 modis.

310 2375 348 2440 Α.
373 2375 424 2440 De
448 2376 592 2461 patris
615 2394 720 2461 erga
744 2374 908 2441 liberos
931 2374 1135 2467 oiiiciisq

163 2614 230 2680 lam
263 2613 361 2682 semel
393 2622 489 2700 atque
525 2615 644 2681 iterum
674 2613 777 2701 legem
802 2614 897 2682 attuli
921 2634 985 2703 qua
1010 2615 1181 2683 iubebatur
1203 2624 1313 2703 pater,

117 2753 192 2800 cum
219 2733 387 2800 induceret
410 2731 514 2799 filium
538 2732 677 2800 filiamve
700 2734 734 2800 in
758 2733 957 2820 phratriam,
983 2736 1131 2825 iurara²)
1155 2733 1174 2813 ἦ
1194 2737 1256 2816 μὴν
1277 2735 1314 2812 ἐξ

115 2855 215 2931 ἀστῆς
233 2854 286 2920 uei
307 2856 465 2934 ἐγγυητῆς
487 2853 631 2932 γυναικὸς
653 2851 806 2934 εἰσάγειν,
830 2857 850 2922 i.
871 2876 899 2923 e.
922 2875 964 2923 se
983 2856 1198 2924 inducere
1216 2857 1254 2923 ci
1267 2876 1313 2922 ve

116 2974 253 3040 attica
283 2981 324 3040 et
355 2975 468 3041 iusto
497 2975 773 3042 matrimonio
797 2983 956 3042 natum.
1004 2976 1101 3042 Liber
1123 2983 1234 3042 autem
1259 2976 1314 3042 cui

115 3095 247 3160 nomina
275 3094 536 3162 inscribebantur
562 3094 597 3160 ri
622 3093 715 3161 κοινόν
739 3095 805 3164 sive
829 3097 995 3180 <occeptum
1018 3104 1238 3179 γραμματεῖον
1263 3095 1312 3162 di-

115 3214 251 3280 oebatur
265 3214 304 3302 ³).

116 3369 326 3382 *ἡ

150 3455 182 3525 1)
201 3451 270 3507 arch.
290 3469 356 3506 rom.
376 3454 417 3519 11,
437 3454 482 3504 26.
704 3477 706 3480 ⁴
953 3516 954 3519 Ἴ

148 3544 180 3612 2)
199 3539 231 3596 of.
251 3559 272 3595 c.
292 3560 317 3613 g.
337 3543 371 3594 ls.
390 3538 423 3593 dc
442 3538 535 3614 Pyrrhi
554 3538 608 3594 her.
628 3559 652 3614 p.
665 3544 715 3608 45,
737 3544 751 3611 p
773 3545 822 3610 ⁷33
842 3542 874 3598 de
893 3543 943 3597 Cir.
964 3542 1017 3597 ber.
1037 3564 1061 3617 p.
1072 3548 1121 3612 70,
1142 3546 1157 3615 b
1181 3549 1226 3603 19.

147 3632 181 3700 3)
199 3633 233 3684 ls.
252 3628 284 3684 de
303 3627 388 3703 Apoll.
408 3626 461 3682 ber.
482 3648 505 3703 p.
519 3632 568 3697 tt,
589 3631 650 3699 §13
669 3649 694 3703 p.
706 3632 756 3698 65,
776 3632 791 3700 §
810 3634 853 3696 16..
894 3632 1021 3686 Posterius
1041 3632 1312 3703 nomen(ppovpsndv

112 3721 315 3788 γραμματεῖον)
334 3735 482 3792 numquam
499 3717 633 3771 intactum
652 3719 747 3788 evasit,
768 3718 812 3774 sed
827 3720 918 3794 procul
935 3719 1017 3775 dubio
1033 3740 1134 3798 semper
1144 3721 1183 3776 ita
1196 3721 1312 3776 scriben-

111 3803 176 3860 dum
204 3813 251 3860 est.
290 3809 322 3859 In
349 3815 414 3861 orat.
444 3807 501 3861 adr.
524 3805 613 3860 Leocb.
634 3807 794 3880 [Demosth]
810 3828 834 3882 p.
846 3814 932 3878 1092,
954 3813 968 3881 β
989 3813 1022 3864 dl
1044 3827 1065 3864 e.
1086 3829 1110 3883 g.
1130 3808 1259 3865 scribitur
1278 3810 1311 3860 τὸ

109 3893 276 3962 perceperis
292 3899 491 3962 γραμματεῖον.
529 3900 586 3950 lam
606 3894 659 3949 fere
677 3898 784 3951 evanuit
804 3898 946 3968 φρατόρων
964 3916 1057 3954 nomen
1075 3917 1104 3952 ex
1120 3899 1191 3954 bonis
1206 3910 1234 3954 et
1250 3918 1310 3974 pro-

110 3981 179 4036 batis
204 3991 339 4037 oratorum
366 3983 523 4038 editionibus
549 3981 593 4054 (ci.
618 3984 635 4039 i.
655 4004 679 4058 p.
703 3985 751 4041 hac
770 3986 802 4041 de
821 4005 849 4041 re
868 3987 955 4044 Cobeti
977 3987 1124 4056 adnotatio,
1144 3993 1238 4047 dinem·
1259 3992 1310 4055 ΧΙ,

111 4074 194 4142 138);
217 4083 333 4144 superest
360 4072 402 4128 bic
416 4072 473 4127 iilic
493 4073 578 4141 locus,
599 4072 645 4127 ubi
665 4073 782 4132 virorum
802 4076 941 4132 doctorum
960 4076 1073 4132 eruditio
1092 4075 1263 4134 librariorum
1283 4087 1310 4130 et

110 4159 343 4233 grammaticorum
368 4171 503 4236 stuporem
529 4161 645 4216 nondum
668 4181 789 4238 superare
808 4167 907 4240 potuit,
926 4176 955 4221 at
974 4166 1052 4220 istam
1069 4164 1239 4222 tenacitatem
1259 4164 1310 4218 oli·

109 4246 215 4324 quando
239 4258 390 4323 superatum
416 4251 450 4306 iri
470 4250 540 4307 baud
560 4252 658 4307 iniuria
672 4255 796 4326 augurari
816 4274 967 4328 pessumum
987 4274 1048 4310 curn
1069 4264 1177 4326 cognato
1197 4253 1309 4322 vemt

109 4336 291 4412 expellendum
317 4351 355 4394 est
379 4340 543 4412 φρατορικός
567 4351 594 4396 et
615 4343 811 4399 rescribendum
831 4344 994 4413 φρατρικὸς,
1014 4363 1066 4419 qno
1087 4343 1212 4399 vocabulo
1232 4343 1307 4398 Dion.

109 4425 191 4483 italio.
216 4427 297 4498 (arch.
324 4449 388 4485 rom.
412 4433 461 4500 tv,
485 4434 534 4502 20)
555 4450 615 4486 usus
635 4442 673 4487 est
692 4432 725 4489 ad
744 4437 920 4492 Romanorum
941 4434 1042 4490 curiata
1062 4433 1167 4489 comitia
1186 4431 1307 4489 indicari«
