2842 5018
735 239 776 300 58

162 421 282 490 nullam
305 422 421 487 iustam
443 421 625 506 reperimus
644 441 795 499 causam,
821 419 901 487 nihil
920 419 1005 506 quud
1024 419 1215 507 prudentiae
1226 424 1356 492 nentine

161 545 203 610 sit
227 541 379 627 (liguum,
403 560 466 627 quc
490 539 545 620 fir,
572 549 607 608 ut
633 540 724 608 dubii
745 541 934 609 haereamus
955 549 1065 607 utrum
1086 540 1296 627 Apollodorus
1316 545 1357 610 sit

161 671 273 730 auctor
306 661 440 748 dignus,
473 681 570 746 quem
602 662 635 727 in
669 662 760 728 attici
793 640 1067 729 iuris'institntis
1097 661 1289 746 indagandis
1323 672 1357 730 et

113 826 117 834 -
160 781 396 850 constituendis
420 783 551 867 impune
571 801 761 869 sequamur,
782 803 822 849 an
844 782 904 848 hoc
926 781 964 848 de
983 781 1150 848 adulteriis
1162 783 1352 850 institutum

160 904 272 970 seriori
296 903 426 969 cuidam
451 901 572 969 rhetori
598 902 772 980 debeatur,
797 904 849 969 cui
873 888 923 967 ins
947 902 1083 968 atticum
1108 901 1196 966 cordi
1217 922 1282 969 non
1301 924 1353 970 es-

159 1031 216 1090 set.
264 1024 378 1112 Lysias
392 1024 417 1111 ¹)
451 1032 562 1090 narrat
594 1024 808 1110 Hipponicum
844 1042 975 1089 uxorem
999 1030 1130 1107 propter
1153 1021 1351 1091 adulterium

159 1146 293 1212 iussisse
317 1165 392 1210 suas
416 1143 477 1210 sihi
500 1164 552 1211 res
575 1144 708 1221 hahere;
731 1145 807 1211 huic
825 1165 901 1210 rere
921 1142 1106 1209 testimonie
1125 1140 1206 1227 legis
1226 1143 1351 1209 nullum

158 1265 315 1330 indicium
341 1266 435 1330 inest.
484 1268 635 1332 Attamen
663 1266 742 1333 fides
768 1265 909 1331 nundum
934 1271 1050 1348 negata
1073 1268 1122 1327 est
1144 1271 1178 1328 et
1202 1261 1278 1329 huic
1302 1265 1352 1329 in·

159 1387 273 1452 stituto
301 1391 333 1450 et
355 1385 436 1451 aliis
459 1384 539 1452 hene
564 1386 692 1465 multis,
716 1407 797 1473 quae
822 1384 1002 1453 rectissime
1024 1381 1103 1448 sciri
1128 1402 1218 1463 pesse
1239 1383 1350 1450 riden-

158 1514 214 1572 tur
243 1505 298 1572 sed
326 1525 529 1593 nequaquam
559 1517 647 1573 certo
679 1509 845 1585 sciuntur,
878 1525 953 1572 cum
985 1505 1171 1571 testimonia
1194 1523 1251 1570 nos
1274 1503 1349 1571 defi-

161 1627 258 1692 ciant.

677 1811 851 1826 h———u—

736 1983 770 2047 2.

474 2244 512 2290 its
535 2243 650 2290 lUlilBliS
674 2243 751 2298 QUAE
776 2243 921 2290 sensatur
945 2245 1027 2291 orm.

202 2466 309 2531 Attico
340 2467 411 2530 iure
443 2463 530 2530 rrtrlla
554 2464 639 2529 inter
663 2464 816 2548 coniuges
840 2473 910 2530 erat
935 2464 1126 2531 facultatum
1151 2466 1349 2533 communio.

157 2587 219 2652 Dos
233 2585 259 2672 ²)
291 2601 469 2671 numquam
502 2585 535 2649 in
560 2583 669 2649 mariti
694 2584 923 2668 pussessionem
949 2583 1099 2662 cedebat,
1124 2602 1198 2649 nam
1223 2586 1250 2650 si
1275 2586 1349 2670 quis

157 2678 250 2792 plura
282 2706 406 2770 iniisset
436 2704 658 2781 matrimonia,
694 2723 732 2769 ex
763 2703 883 2790 quihus
908 2704 1059 2770 omnihus
1088 2703 1206 2772 liberos
1235 2723 1347 2770 susce-

156 2829 271 2913 pisset,
303 2824 337 2890 hi
364 2823 550 2890 dividebant
573 2823 654 2890 hena
677 2831 829 2909 paterna,
852 2824 958 2890 dotem
980 2845 1059 2891 vern
1081 2832 1258 2892 maternam
1283 2823 1349 2890 sihi

156 2949 293 3034 quisque
324 2944 506 3012 vindicabat
524 2945 563 3033 ³).
621 2945 849 3012 Remotissime
884 2954 1027 3032 tempore
1058 2944 1147 3013 dotes
1179 2946 1243 3011 iam
1275 2942 1347 3010 clari

155 3068 310 3138 solebant:
338 3064 529 3132 Plutarchus
552 3067 638 3131 enim
662 3074 773 3131 narrat
793 3066 939 3132 Solonem
961 3065 1103 3133 vetuisse
1123 3085 1162 3131 nc
1174 3063 1348 3133 darentur:

157 3189 216 3252 »in
240 3186 373 3271 reliquis
395 3186 611 3252 matrimoniis
636 3183 732 3250 Solon
754 3184 844 3250 rietes
869 3205 908 3250 ne
928 3185 1083 3252 darentur
1105 3185 1222 3262 vetuit,
1242 3193 1348 3252 vestes

156 3318 222 3372 tres
253 3315 286 3371 et
317 3306 407 3391 parvi
438 3306 532 3391 pretii
562 3305 710 3369 utensilia
736 3313 902 3388 praeterea
928 3325 1002 3369 vero
1027 3302 1107 3368 nihil
1129 3322 1281 3389 sponsam
1304 3302 1347 3368 al·

156 3425 240 3492 serre
271 3423 419 3490 iubens.''
466 3424 503 3488 In
539 3422 673 3509 reliquis
708 3424 940 3502 matrimoniis
971 3424 1090 3510 inquit,
1123 3442 1197 3489 nam
1227 3443 1344 3508 genere

155 3546 294 3632 preximi
328 3543 479 3610 inhentnr
504 3553 559 3609 ant
584 3543 701 3609 ducere
726 3553 782 3609 atrt
806 3544 929 3610 elocare
953 3565 1042 3610 cum
1068 3543 1166 3610 dcte
1190 3564 1346 3631 pauperes

156 3665 237 3731 lilias
270 3663 492 3732 hereditarias.
539 3665 733 3730 Prirnariam
761 3663 884 3730 Solonis
908 3665 1009 3749 legem
1035 3664 1094 3730 huc
1118 3672 1346 3750 argumentum

154 3793 351 3872 spectantem
373 3783 516 3851 indicare
537 3784 666 3850 ridetur
685 3784 879 3852 Plutarchus
892 3785 936 3872 ⁴),
960 3794 994 3850 at
1013 3783 1100 3850 haud
1121 3786 1188 3851 scic
1210 3805 1251 3851 an
1272 3782 1345 3850 fieta

154 3952 363 3967 -ια

192 4064 221 4130 1)
242 4079 262 4112 c.
286 4057 368 4112 Alcib.
392 4061 417 4124 i,
440 4061 544 4130 pm,
566 4060 580 4126 ᾗ
601 4063 646 4112 28.

190 4155 220 4218 2)
240 4146 339 4215 προίξ,
358 4149 437 4200 etiarn
456 4149 555 4215 φερνή,
585 4157 615 4201 ut
636 4147 702 4220 uprul
723 4147 810 4202 nescir.
831 4149 856 4204 d.
876 4149 895 4203 f:
914 4149 931 4204 l.
952 4155 1038 4223 pat,
1057 4151 1197 4222 §31‚sed
1218 4151 1246 4206 iu
1262 4171 1289 4205 re
1303 4170 1347 4206 art·

152 4238 308 4313 iiqniasima.

189 4331 219 4399 3)
239 4326 398 4397 [Dementia]
418 4327 475 4380 adr.
497 4330 582 4381 Boset
604 4326 636 4380 dc
655 4325 727 4394 dote,
748 4345 773 4399 p.
785 4331 871 4396 1012,
892 4330 905 4397 h
932 4333 966 4384 ll
982 4349 1035 4404 sqq.

192 4420 220 4489 t)
241 4417 317 4471 Salon
336 4436 357 4470 c.
378 4420 423 4472 20.
