2842 5018
182 594 184 600 ¹
257 574 290 639 li.
323 573 375 639 Do
405 572 680 639 matrimonio
711 572 804 638 iure
835 571 1100 639 familiarum
1134 573 1281 640 vetito.

221 784 278 851 llis
301 783 343 851 de
365 783 489 870 legibus
515 783 725 850 brevissimus
745 803 813 850 esso
832 803 978 871 possum,
999 803 1074 851 nam
1094 783 1295 851 familiarum
1315 785 1365 853 ius

177 905 284 987 omnia
317 905 403 971 inter
436 913 589 990 cognatos
620 913 652 970 et
683 912 817 990 agnatos
841 905 1047 971 matrimonia
1071 906 1218 973 coneedit
1242 912 1369 993 praeter

177 1023 443 1090 adscendentium
472 1044 545 1090 oum
571 1023 839 1090 descendentibus
862 1033 894 1090 et
917 1026 1133 1105 uterinoruru.
1181 1025 1290 1091 Licuit
1313 1045 1369 1092 au·

176 1155 243 1219 tem
274 1143 409 1212 Athenis
441 1164 583 1211 sororem
616 1165 679 1211 nou
711 1144 822 1211 eadem
846 1153 951 1211 matre
974 1152 1081 1212 natam
1107 1146 1142 1211 iu
1161 1145 1366 1211 matrimonio

175 1263 311 1342 babere,
335 1271 371 1329 ut
394 1284 431 1330 ex
457 1263 634 1330 multorum
659 1264 789 1333 disertis
815 1267 1007 1333 testimoniis
1029 1267 1217 1354 apparatu.

179 1450 182 1455 .
222 1385 376 1453 Fueritue
407 1403 513 1451 annus
542 1383 707 1469 legitimus
737 1405 802 1471 qno
832 1385 1075 1451 matrimonium
1109 1386 1184 1450 iniri
1218 1385 1367 1464 licuerit,

176 1504 333 1571 nescitur.
379 1502 471 1569 Certe
490 1503 558 1572 viro
579 1523 643 1569 non
662 1502 779 1571 licebat
800 1524 930 1570 uxorem
953 1504 1070 1571 ducere
1091 1513 1266 1591 autequam
1288 1504 1369 1571 libro

175 1622 371 1691 lexiarohioo
405 1624 582 1709 inscriptus
616 1632 697 1691 erat.
751 1623 942 1711 Ceteroquin
979 1632 1117 1690 testatur
1151 1626 1219 1712 ipse
1254 1624 1369 1689 Manti-

177 1742 308 1829 tbeus²)
342 1762 376 1808 se
406 1742 664 1809 duodevicesimo
688 1746 802 1811 aetatis
826 1764 909 1810 anno
933 1745 1036 1833 patris
1059 1751 1174 1830 rogatu
1198 1744 1368 1810 matrimo-

175 1864 266 1929 nium
299 1863 422 1931 iniisse.
470 1862 596 1930 Puellas
626 1872 734 1933 auteur
767 1863 940 1933 admodum
972 1865 1102 1932 iuvenes
1133 1871 1270 1950 nuptum
1294 1861 1367 1927 dari

176 1981 286 2055 solitas
309 2003 380 2051 esse
403 2003 442 2049 ex
466 1983 677 2072 Xenophonte
688 1986 715 2072 3)
741 1993 885 2070 apparet.

745 2422 798 2492 ΙΙ.

365 2644 416 2712 uu
444 2645 627 2712 lUilleS
656 2644 878 2712 colludunt
905 2647 1036 2713 turon
1065 2647 1179 2712 SESE.

224 2870 300 2936 Iura
331 2870 504 2955 coniugum
537 2871 623 2936 inter
653 2889 723 2937 sese
753 2889 790 2937 re
822 2872 891 2958 ipsa
918 2870 1109 2937 dividuntur
1133 2871 1165 2935 iu
1190 2871 1261 2934 iura
1285 2884 1371 2953 quae

180 2991 265 3079 lpsos
289 2993 442 3078 coniuges
465 2999 611 3078 spectant
635 2999 667 3058 et
686 3010 768 3078 quae
788 2994 951 3078 pertinent
970 2993 1010 3059 ad
1030 3012 1141 3061 eorum
1163 3008 1249 3078 opes.
1286 2987 1369 3053 ilino

174 3111 217 3178 ut
237 3120 273 3178 nt
292 3113 370 3179 baeu
390 3112 617 3198 disputationis
637 3120 767 3180 nostrae
787 3133 862 3201 pars
881 3135 1010 3182 neeesse
1030 3113 1178 3180 bifariam
1193 3108 1368 3176 dividatur.

757 3473 788 3540 l.

401 3669 440 3714 uu
463 3667 580 3715 luntatis
604 3668 679 3725 QUAE
704 3671 850 3719 SPEC’l'AN'l‘
873 3673 954 3720 IPSOS
976 3671 1132 3718 contusus.

224 3853 316 3921 Nulla
350 3854 435 3919 inter
466 3852 593 3921 luituros
623 3857 776 3943 coniuges
809 3859 881 3923 iura
911 3857 978 3923 sola
1010 3857 1171 3946 sponsalia
1204 3851 1365 3925 obiciuntt

215 4094 245 4162 1)
275 4091 434 4161 [Demosth.]
463 4090 520 4146 adv.
549 4089 800 4165 Eubul.4p.1304‚
828 4094 913 4161 §21‚
933 4091 1066 4146 Cornelius
1084 4094 1179 4167 Nepos,
1198 4088 1279 4166 praef.
1300 4091 1317 4160 §
1335 4092 1370 4157 4,

178 4179 285 4247 Cimon,
314 4198 336 4234 c.
356 4178 493 4248 1;Sch01.
514 4178 546 4232 ad
569 4180 647 4233 brist.
667 4179 767 4248 Nubes,
789 4198 822 4234 vs.
843 4185 924 4236 1371.
963 4182 1067 4256 copiose
1087 4178 1184 4236 lraeode
1204 4179 1260 4252 lege
1278 4177 1365 4248 dispu-

176 4269 244 4322 tarit
262 4268 376 4332 Potitus,
397 4268 463 4342 legg.
484 4278 532 4323 att.
551 4289 576 4342 p.
588 4272 657 4334 537,
675 4287 713 4342 sq.

215 4362 246 4428 2)
266 4357 424 4429 [bernoart]
444 4356 500 4414 adr.
521 4362 607 4412 boeot.
627 4357 659 4413 de
677 4357 736 4414 dote
755 4378 779 4432 p.
791 4363 879 4431 1009,
899 4361 915 4430 §
935 4364 959 4414 4.

212 4449 243 4518 3)
263 4447 355 4503 Oecon.
375 4450 428 4516 lll,
448 4449 493 4500 1³.
