2842 5018
726 275 789 338 156

161 461 312 550 habet¹);
343 469 420 528 tune
452 462 605 547 temporis
635 462 737 547 igitur
761 463 792 526 iu
818 459 917 527 tutela
943 481 1005 527 non
1030 462 1169 549 arrrplius
1193 469 1279 540 erat,
1304 462 1362 530 sed

160 581 248 648 credi
279 590 381 668 potest
411 600 469 667 per
500 581 649 661 ε’γγύησιν
680 600 762 646 uxor
793 579 869 647 data
894 580 994 647 fuisse
1018 602 1036 647 a
1060 590 1167 649 tutore
1190 583 1363 669 Diogitone

159 710 193 768 et
223 703 257 767 in
288 721 422 767 manum
454 702 563 767 mariti
593 701 773 767 transiisse.
828 701 976 786 liiogiton
1008 710 1117 768 autem
1150 703 1249 768 etiarn
1278 722 1361 768 avrrs

160 832 231 889 erat
268 821 406 908 puellae,
447 840 510 906 quo
543 821 578 886 fit
610 828 664 899 ut,
701 820 801 886 donee
832 823 903 888 eius
932 821 1033 889 irater
1064 824 1113 887 sui
1147 823 1230 888 iuris
1262 830 1362 899 esset,

160 943 230 1029 ipse
260 944 330 1008 eius
361 939 603 1028 despondeudae
628 941 678 1007 ius
700 939 843 1008 haberet.
892 941 997 1008 Unum
1023 950 1149 1009 tantum
1176 942 1363 1030 exemplum

159 1081 304 1148 promam
326 1062 464 1128 fratrum
486 1061 752 1148 despondentium
769 1081 926 1128 sororem:
940 1062 1126 1141 Archidiee,
1139 1062 1362 1151 Euthymaohi

161 1180 353 1270 Otrynensis
385 1183 465 1260 filia,
494 1191 585 1270 patre
608 1190 736 1249 mortuo
759 1201 778 1248 a
799 1183 906 1249 trihus
927 1182 1084 1250 iratribus
1107 1182 1263 1272 Midylide
1305 1185 1362 1250 Ar·

159 1301 278 1390 ehippo
324 1303 482 1370 Areiriade
513 1305 547 1368 iu
579 1304 824 1370 matrimonium
848 1302 1023 1370 collocatur
1047 1304 1214 1371 Leostrato
1237 1303 1363 1370 Eleusi·

160 1424 216 1488 nio
229 1423 267 1510 ²).
315 1424 379 1489 Has
399 1425 500 1509 igitur
519 1424 726 1489 matrimonio
746 1423 847 1489 tutela
866 1422 1018 1489 liberatas
1038 1443 1107 1489 esse
1127 1443 1257 1498 oensem
1274 1424 1361 1509 quod

161 1541 232 1607 fieri
263 1543 365 1609 solere
394 1543 514 1611 diserte
544 1551 684 1609 testatur
707 1543 817 1609 isaeus
831 1543 874 1631 ³):
899 1562 974 1610 euna
997 1543 1085 1609 enim
1109 1541 1288 1609 adversarii
1313 1543 1361 1608 ia·

159 1663 254 1729 einus
284 1662 452 1730 firrxisseut
478 1663 796 1749 impudentissimum
820 1672 853 1730 et
875 1684 893 1730 a
916 1665 986 1730 veri
1009 1664 1117 1750 speeie
1142 1664 1280 1729 maxime
1304 1663 1359 1728 ab·

159 1782 313 1861 horrens,
335 1782 479 1848 dieentes
502 1782 665 1870 Callippen
688 1782 849 1869 quandam
873 1784 1079 1861 Eudemum,
1101 1783 1158 1869 qui
1178 1784 1246 1848 eius
1264 1779 1354 1848 tutor

160 1911 249 1981 erat,
278 1903 443 1989 peperisse
474 1901 554 1968 duos
586 1902 681 1981 tilios,
713 1911 821 1970 orator
850 1903 1051 1971 demonstrat
1076 1903 1108 1969 id
1132 1902 1203 1970 fieri
1229 1902 1361 1968 omnino
1392 1893 1396 1899 ’

157 2002 221 2091 nou
253 2023 409 2108 potuisse,
441 2042 515 2088 oum
548 2021 705 2108 Callippes
737 2031 828 2108 pater
859 2030 934 2090 ante
961 2022 1043 2091 duos
1065 2032 1098 2090 et
1121 2023 1362 2109 quinquaginta

159 2162 261 2207 annos
294 2142 357 2207 iam
390 2141 593 2208 occubuisset
623 2150 655 2207 et
689 2150 768 2207 natu
800 2144 903 2208 maior
932 2141 1047 2209 horum
1072 2163 1152 2228 quos
1175 2142 1217 2208 ab
1240 2143 1361 2209 Eucte-

68 2290 73 2318 ι
158 2281 255 2327 mone
287 2269 326 2326 ex
360 2261 415 2326 iila
446 2269 630 2346 procreatos
665 2260 855 2348 perhibeant
880 2263 995 2328 aetatis
1018 2282 1138 2329 aunum
1165 2263 1360 2348 vigesimum

159 2380 303 2447 nondum
335 2382 519 2447 excesserit.
570 2380 652 2447 Sunt
684 2381 787 2466 igitur
818 2380 858 2447 ab
889 2402 973 2448 anno
1000 2402 1063 2469 quo
1084 2383 1248 2470 Callippes
1271 2394 1362 2470 pater

158 2509 309 2567 mortuus
339 2509 389 2567 est
419 2520 522 2586 usque
549 2500 590 2566 ad
614 2520 734 2566 aunum
760 2521 824 2588 quo
848 2501 934 2568 titius
958 2512 1039 2570 nadu
1061 2504 1166 2569 maior
1188 2511 1290 2570 natus
1313 2512 1360 2570 est

158 2624 331 2688 minimum
365 2622 499 2706 triginta
531 2621 626 2694 anni;
651 2622 801 2708 »atqui,'’
826 2623 932 2707 pergit
952 2631 1076 2701 orator,
1102 2623 1286 2710 »Callippen
1309 2643 1359 2691 ae·

160 2742 238 2808 tntis
270 2760 392 2806 aunum
424 2741 627 2826 trigesimum
661 2743 725 2806 iam
758 2761 920 2827 egressam
953 2742 1059 2809 adhue
1092 2743 1125 2808 in
1149 2744 1358 2812 Euctemonis

158 2861 261 2928 tutela
303 2859 402 2927 fuisse
432 2859 574 2926 nondum
606 2870 740 2947 nuptam
773 2861 916 2929 nondum
949 2872 1084 2930 matrem
1117 2862 1238 2931 saetam
1270 2864 1356 2932 erodi

157 3002 220 3049 uon
252 2989 374 3067 potest,
405 2979 461 3047 sed
494 2982 602 3066 potius
632 3001 703 3049 eam
736 2983 769 3047 in
792 3003 892 3049 manu
917 2985 1026 3050 mariti
1051 2985 1115 3050 ianr
1139 2983 1265 3052 dudum
1284 2992 1357 3051 ante

111 3120 114 3126 ’
156 3101 277 3178 fuisse,
296 3103 363 3166 sive
383 3099 561 3167 seeundum
582 3099 670 3186 leges
690 3100 880 3188 desponsam
901 3104 970 3170 sive
990 3124 1010 3168 a
1031 3103 1194 3170 indicibus
1212 3106 1357 3191 proximo

157 3230 293 3307 cognato
326 3219 582 3287 adiudicatam.''
626 3221 697 3287 Non
730 3242 810 3308 opus
842 3230 892 3289 est
923 3225 1044 3290 oratori
1076 3223 1116 3290 ab
1149 3227 1239 3292 omni
1268 3232 1357 3312 parte

157 3341 306 3416 eredere,
338 3339 394 3406 sed
426 3339 485 3406 hoo
515 3359 554 3406 ex
580 3341 650 3406 eius
672 3341 779 3408 verbis
803 3342 876 3409 etiei
901 3351 1006 3429 potest
1029 3345 1355 3412 matrimonium

155 3461 172 3528 i
179 3462 289 3528 inem
311 3462 527 3548 imponere
548 3459 726 3538 tutelae,
750 3482 826 3528 nam
846 3463 1072 3530 demonstrans
1093 3465 1258 3552 Callippen
1278 3467 1355 3532 iam·

157 3576 281 3649 dudum
311 3583 491 3668 oportuisse
523 3583 670 3666 nupsisse
702 3581 792 3648 addit
824 3602 894 3650 eam
929 3585 1031 3670 igitur
1055 3585 1086 3650 id
1112 3587 1272 3673 temporis
1292 3606 1355 3652 non

157 3701 297 3788 amplius
320 3702 352 3765 in
377 3702 586 3768 Euctemonis
608 3700 708 3767 tutela
732 3722 802 3769 esse
823 3705 974 3788 potuisse.
1019 3705 1214 3790 Legitimum
1232 3725 1355 3772 annum

157 3843 220 3909 quo
242 3822 379 3889 sentinae
400 3822 459 3887 suh
481 3829 587 3887 tutore
607 3840 676 3886 esse
698 3821 886 3889 desinebant
907 3826 1121 3890 constitutum
1143 3825 1242 3892 inisse
1261 3846 1356 3911 nego,

157 3944 231 4029 quia
263 3961 368 4007 arruns
399 3961 462 4027 quo
494 3949 644 4027 poterant
677 3949 813 4029 nuptum
842 3944 912 4010 dari
939 3945 1061 4031 puellae
1085 3965 1148 4012 uon
1173 3948 1279 4033 magis
1303 3946 1355 4012 de·

193 4268 223 4334 1)
242 4268 299 4338 [γε.
320 4265 421 4336 paea,
443 4263 457 4329 ᾗ
477 4266 493 4315 3
512 4261 571 4316 coll.
592 4282 616 4335 p.
628 4267 697 4330 898,
719 4267 733 4334 §
754 4268 778 4318 9.

192 4355 222 4421 2)
242 4351 401 4421 [Demosth]
421 4352 478 4402 adv.
499 4351 587 4404 Leoeh.
609 4373 633 4424 p.
647 4357 734 4420 1083,
756 4357 770 4423 ᾗ
789 4357 813 4409 t).

192 4443 222 4511 3)
242 4441 272 4497 de
292 4439 401 4495 Phiioct.
421 4437 474 4495 lter.
495 4444 579 4513 par,
602 4443 615 4509 ᾗ
636 4445 670 4496 13
691 4459 727 4516 sq.
