2842 5018
690 272 733 333 88

112 472 179 538 cst,
210 457 426 543 »eorumque’
451 462 487 521 ut
511 456 578 542 ipse
599 462 708 521 orator
726 454 817 520 addit
838 456 912 540 »qui
934 453 1104 521 reddendis
1124 453 1307 523 ratiooihus

111 580 239 647 ohuonii
270 585 347 646 sunt
377 576 460 642 hona
489 573 653 660 legislator
684 576 716 641 in
749 576 868 660 pignus
897 576 1030 661 arripit,
1055 574 1156 640 donec
1179 575 1306 641 civitati

112 700 269 766 rationem
295 694 501 763 retulerint.’'

156 818 403 904 Sequuntur
434 811 588 880 deiude
618 812 823 880 mulieres
846 823 888 881 et
911 817 1051 901 pueri,
1074 813 1194 901 quihus
1218 812 1305 881 nulla

110 938 195 1005 ultra
219 936 374 1004 frumenti
398 932 597 1003 medimnum
621 951 697 998 oum
721 932 822 1000 altero
846 933 1057 1002 contrahendi
1078 941 1222 1020 potestas
1241 942 1303 1004 est:

108 1063 342 1125 testamentum
375 1063 483 1122 autem
513 1061 699 1120 contractus
730 1061 799 1132 est,
829 1057 938 1141 itaque
961 1075 1066 1143 neque
1089 1054 1245 1142 adoptare
1265 1055 1304 1120 iis

108 1178 203 1256 licet,
233 1185 272 1244 ut
302 1177 415 1243 Isaeus
428 1173 454 1262 ¹)
482 1172 638 1241 affirmat:
664 1193 783 1260 »puero
807 1183 960 1260 negatum
986 1183 1035 1242 est
1058 1174 1097 1242 de
1120 1175 1215 1242 honis
1237 1175 1303 1243 suis

108 1298 323 1371 constituere;
353 1296 404 1362 lex
418 1357 419 1360 ,
434 1296 521 1362 enim
552 1301 641 1362 vetat
666 1294 796 1361 disertis
818 1295 925 1361 verhis
948 1293 1091 1361 edicens:
1116 1314 1218 1382 puero
1241 1314 1303 1361 non

108 1417 183 1485 licet
215 1436 291 1485 cum
323 1435 485 1504 quoquam
518 1414 708 1483 contrahere
740 1434 845 1502 neque
876 1416 1006 1494 mulieri
1039 1416 1127 1482 ultra
1159 1415 1302 1503 singulos

110 1536 289 1604 medimnos
312 1535 502 1603 lrumeoti.”
549 1535 617 1606 Hac
640 1535 711 1603 scil.
734 1537 1017 1621 argumentatione
1040 1537 1163 1613 utitur,
1187 1544 1226 1602 ut
1248 1534 1303 1603 de·

109 1664 269 1725 monstret
290 1675 310 1722 a
333 1655 530 1723 Demochare
554 1655 720 1742 impubere
744 1664 871 1723 mortno
895 1655 1120 1724 Aristarchum
1142 1657 1301 1724 iuniorem

110 1779 143 1844 in
168 1775 226 1843 lilii
247 1776 355 1842 locum
378 1774 524 1862 adoptari
549 1795 613 1841 non
636 1776 803 1862 potuisse·

154 1897 216 1964 Vix
237 1915 318 1983 opus
340 1903 390 1962 est
412 1894 634 1962 demonstrare
653 1896 795 1963 Potitum
809 1896 836 1984 ²)
856 1916 966 1964 errare
987 1903 1185 1965 statuentem
1204 1894 1303 1964 luisse

108 2017 211 2102 legem
235 2016 336 2098 ζῶντα
357 2016 508 2082 ποιεῖσθαι
531 2016 646 2090 aotam
673 2036 712 2082 ex
738 2017 779 2081 iis
799 2035 882 2103 quae
901 2018 967 2083 iam
987 2017 1030 2083 de
1048 2016 1219 2103 adoptione
1237 2014 1303 2083 dixi

108 2135 181 2205 lucc
204 2136 324 2203 clarius
346 2144 395 2203 est
419 2121 547 2203 licuisse
571 2144 602 2202 et
627 2137 824 2203 interrivos
847 2144 880 2203 et
900 2158 958 2224 per
979 2146 1209 2210 testamentum
1230 2135 1304 2204 ado

108 2266 217 2343 ptare,
241 2264 273 2322 ct
293 2265 459 2342 praeterea
483 2256 579 2321 Potiti
603 2257 798 2323 sententiam
822 2258 887 2323 iam
907 2259 987 2324 satis
1009 2277 1154 2326 eversam
1177 2277 1197 2324 a
1218 2257 1300 2327 Plat-

109 2395 186 2443 nero
202 2377 230 2461 3)
254 2375 356 2443 rideo.

154 2496 291 2561 Prorsus
314 2493 395 2561 nihil
419 2494 513 2561 attuli
537 2493 579 2561 de
600 2502 705 2562 aetate
727 2495 834 2582 legum
860 2496 899 2564 de
925 2495 1045 2583 quihus
1070 2496 1134 2582 egi.
1183 2495 1304 2564 Omnes

109 2615 315 2681 consentiunt
346 2613 448 2700 legem
480 2614 669 2701 primariam
694 2634 712 2681 a
737 2615 850 2683 Solone
873 2616 971 2685 latam
996 2637 1080 2692 esse;
1103 2617 1143 2684 de
1166 2616 1302 2704 reliquis

110 2733 235 2803 nullum
259 2732 417 2800 indicium
440 2741 562 2811 exstat,
586 2754 689 2821 noque
713 2737 759 2802 ita
782 2737 911 2823 ingenio
936 2736 1146 2816 indulserim,
1165 2746 1202 2803 ut
1221 2757 1303 2803 eon-

108 2855 216 2923 iiciam
248 2853 372 2921 Solonis
401 2873 471 2920 esse
502 2853 620 2921 dehere
645 2874 720 2923 oum
744 2856 826 2922 alius
850 2877 920 2924 esse
944 2866 1124 2943 nequeant,
1147 2855 1301 2943 quemad·

109 2973 239 3042 modum
264 2973 535 3062 Sonetttngiumr)
559 2973 635 3041 huic
656 2974 851 3044 tribuentem
873 2976 966 3044 video
982 2977 1102 3063 legem,
1122 2995 1186 3063 qua
1208 2979 1303 3043 Areo·

111 3113 192 3180 pago
222 3093 380 3161 iudicium
413 3093 454 3160 de
485 3094 637 3161 caedibus
667 3095 876 3174 voluntariis,
916 3096 1049 3183 reliquis
1079 3097 1302 3184 permittitur,

110 3233 185 3280 cum
211 3214 337 3282 scilicet
360 3213 484 3284 Solonis
509 3225 646 3301 nequeat
670 3237 732 3282 non
758 3236 840 3283 esse.

336 3425 370 3492 B.
396 3425 452 3491 lle
475 3427 530 3492 iis
554 3428 627 3513 qui
651 3426 854 3515 adoptari
876 3436 1072 3515 possunt.

155 3632 285 3711 Orator,
317 3635 373 3721 qui
405 3643 492 3702 totus
525 3645 572 3702 est
605 3638 637 3701 in
670 3635 875 3705 hereditariis
901 3639 1149 3714 controversiis,
1177 3638 1305 3723 primus

109 3773 166 3820 nos
197 3753 309 3820 doceat
339 3757 413 3865 quis
444 3757 594 3826 universe
625 3756 771 3849 adoptari
802 3761 961 3849 potuerit;
993 3779 1096 3851 neque
1129 3758 1186 3824 diu
1211 3757 1306 3826 nohis

109 3873 329 3960 quaerendum
354 3883 417 3954 est,
442 3897 517 3942 cum
542 3877 574 3942 in
597 3878 741 3948 oratione
760 3879 799 3945 de
819 3879 1000 3968 Apollodori
1020 3879 1198 3948 hereditate
1210 3878 1237 3966 ι)
1259 3876 1305 3943 le·

146 4074 176 4141 1)
196 4070 228 4124 de
247 4071 325 4127 Arist.
346 4072 399 4127 her.
411 4092 435 4144 p.
447 4074 530 4141 8⁰‚t
554 4077 597 4128 10.
712 4082 714 4085 ’

146 4162 177 4230 2)
196 4158 262 4233 legg.
282 4170 329 4215 att.
348 4181 372 4233 p.
383 4164 446 4215 216.

148 4249 178 4317 3)
198 4246 273 4301 beitr.
294 4271 317 4323 p.
329 4253 392 4304 138.

148 4338 178 4406 d)
197 4336 229 4390 de
247 4338 298 4392 Sol.
319 4340 386 4411 legg.
407 4358 431 4412 p.
444 4341 487 4392 19.

149 4429 178 4496 5)
197 4435 221 4499 p.
233 4429 314 4496 aas
334 4431 378 4483 ιιι.
