2842 5018
682 299 744 362 182

116 505 191 553 nam
216 494 312 573 quam
336 484 375 550 ob
400 503 528 552 eausam
554 504 591 550 ea
615 483 794 550 conducere
816 483 943 562 liceret,
972 503 1054 570 quae
1078 482 1305 551 administrare

115 627 170 674 eos
193 606 355 674 taedebat?
404 607 445 672 dt
467 604 552 692 quod
573 604 613 671 ad
636 606 688 670 ius
711 605 826 671 attinet
847 604 986 671 muitum
1007 603 1114 671 differt
1134 605 1305 672 conductio

115 728 155 794 ab
185 727 475 796 administratione:
501 727 601 792 tutori
624 726 711 793 enim
735 725 975 792 administranti
1001 725 1089 792 nulla
1112 725 1305 813 praestanda

114 858 164 915 est
193 846 374 922 satisdatio:
403 849 433 913 ei
462 867 538 913 vero
569 847 624 934 qui
648 845 800 912 conducit
824 853 859 912 ut
884 865 958 911 mox
980 844 1163 912 ridebimus
1186 847 1304 933 pignus

58 1032 64 1055 ,
114 966 256 1036 dandum
287 977 337 1034 est
366 987 407 1034 ne
431 967 542 1055 pupilli
573 968 695 1055 possint
718 966 811 1033 laedi.
859 966 972 1033 Tutori
991 965 1235 1033 administranti
1256 985 1306 1053 pa·

114 1091 302 1158 trimoninm
331 1087 445 1177 pupilli
473 1107 599 1175 semper
621 1087 762 1154 alienum
787 1087 953 1165 manebat,
978 1086 1172 1153 conducenti
1195 1095 1304 1154 autem

113 1211 343 1298 patrimonium
367 1207 562 1276 conductum
587 1210 677 1294 quasi
701 1215 883 1285 summast,
908 1226 982 1274 nam
1006 1209 1042 1274 si
1059 1227 1129 1274 con
1144 1216 1305 1274 trover-

113 1333 177 1397 sia
205 1340 298 1397 orta
330 1337 395 1396 est
424 1328 472 1397 de
503 1330 765 1416 patrimonio
797 1328 957 1408 locato,
981 1329 1016 1395 ei
1039 1330 1110 1415 qni
1132 1327 1306 1395 condux·

113 1460 222 1530 erat,
254 1469 332 1517 non
364 1450 497 1516 tutori
529 1451 567 1515 in
596 1450 688 1516 iure
712 1469 784 1536 pro
805 1449 970 1537 pupillo
994 1447 1202 1535 agendum
1226 1457 1305 1525 est,

112 1580 150 1638 nt
180 1571 290 1638 Isaeus
320 1570 439 1637 diserte
462 1569 611 1659 docet¹);
634 1578 742 1637 orator
765 1571 851 1638 enim
876 1570 1003 1638 cnloco
1026 1570 1107 1656 petit
1128 1568 1170 1635 ab
1190 1569 1303 1636 adver-

113 1693 218 1771 sario,
252 1691 307 1778 qui
338 1690 505 1758 contendit
539 1711 601 1756 nnn
631 1711 711 1778 opus
741 1711 811 1758 esse
842 1700 878 1758 ut
900 1690 940 1758 de
962 1690 1139 1758 hereditate
1160 1689 1296 1776 quadam

112 1813 147 1878 in
166 1810 237 1879 iure
259 1819 388 1898 agatur,
411 1813 528 1899 quippe
552 1829 633 1897 quae
658 1810 743 1877 haud
767 1810 863 1877 dubie
886 1811 951 1876 iam
976 1811 1020 1877 sit
1043 1809 1171 1897 pnpiiii,
1187 1819 1225 1875 nt
1246 1811 1296 1874 in-

112 1932 216 1999 dicem
248 1932 404 1998 honorum
436 1931 583 1998 archonti
619 1929 728 1997 tradat
753 1938 787 1997 ut
811 1930 851 1996 ab
873 1931 933 1998 hoc
955 1931 1136 1998 elocentnr:
1162 1936 1252 1996 »tum
1273 1930 1304 1994 is

111 2055 168 2140 qni
198 2051 280 2120 bona
313 2052 504 2120 conduxerit
528 2071 565 2118 ca
588 2058 626 2117 nt
647 2050 817 2119 facultates
841 2051 954 2139 pnpilli
977 2070 996 2118 a
1018 2072 1071 2118 me
1093 2049 1305 2138 postulabit.”

110 2171 231 2240 lieindc
262 2174 360 2239 etiam
391 2173 451 2238 hoc
482 2173 568 2238 inter
594 2171 908 2239 administrationem
932 2180 964 2240 et
987 2172 1233 2238 conductionem
1257 2172 1305 2237 in-

113 2303 249 2372 tereret,
280 2292 364 2380 quod
396 2292 658 2361 conducenti
690 2292 763 2361 die
784 2295 1028 2360 constituta
1053 2292 1234 2360 foenora
1258 2292 1305 2359 de

110 2414 266 2502 quihus
301 2421 566 2480 convenerat
595 2412 806 2480 tradenda
835 2422 958 2480 erant
984 2421 1058 2479 aut
1081 2421 1179 2501 post
1203 2412 1301 2480 fini·

108 2545 192 2603 tam
228 2533 403 2601 tutelam
439 2535 738 2622 patrimonium
773 2555 864 2600 oum
898 2533 1167 2608 foenoribus;
1200 2533 1302 2621 quod

109 2675 199 2722 cum
223 2675 300 2721 non
324 2653 506 2743 iecisset
528 2656 682 2744 pignus
705 2656 992 2722 constitutum
1016 2653 1151 2721 fiebat
1174 2655 1305 2743 pupii-

107 2775 158 2853 li;
191 2783 314 2842 tutores
342 2783 450 2843 autem
475 2775 739 2843 administrantes
763 2775 921 2863 quomodo
942 2795 1038 2863 agere
1060 2775 1202 2843 solerent
1226 2777 1307 2844 satis

108 2897 250 2964 vidimus
273 2894 427 2984 exemplis
450 2896 574 2983 Aphohi
597 2904 630 2964 et
653 2897 843 2983 Diogitonis.

153 3016 233 3084 Cum
267 3017 367 3104 igitur
397 3015 537 3083 multum
572 3016 701 3083 intersit
725 3017 810 3084 inter
833 3016 1146 3084 administrationem
1169 3027 1205 3086 et
1225 3040 1304 3086 con·

110 3137 293 3205 ductionem
323 3145 357 3205 et
389 3143 554 3225 praeterea
588 3136 670 3204 isaei
695 3137 879 3203 testimonio
902 3140 1087 3205 noverimus
1110 3137 1303 3208 Androeiem

110 3267 143 3326 et
161 3257 354 3325 Antidornm
374 3256 513 3325 voluisse
532 3257 711 3325 conducere
730 3257 925 3346 pupillorum
946 3279 1079 3327 suornm
1092 3262 1301 3348 patrimonia,

110 3380 293 3467 negandum
318 3388 366 3446 est
389 3387 513 3446 tutores
536 3379 569 3444 id
591 3378 697 3446 iacere
719 3399 782 3445 non
807 3381 965 3467 potuisse,
989 3379 1044 3448 sed
1068 3381 1231 3469 probabile
1253 3385 1299 3448 ui·

110 3501 206 3568 detur
228 3521 282 3568 eos
304 3500 338 3566 id
361 3501 551 3588 plerumque
575 3500 679 3568 faeere
704 3522 766 3567 non
791 3501 901 3568 solitos
924 3522 1005 3570 esse.

154 3622 221 3688 Hac
252 3622 418 3688 occasione
449 3600 591 3688 breviter
621 3642 714 3708 agam
738 3621 776 3689 de
799 3625 1016 3691 controversia
1039 3643 1118 3690 num
1142 3627 1243 3692 tutori
1265 3625 1300 3691 li·

110 3745 215 3810 euerit
238 3740 351 3829 pupilli
371 3741 453 3807 hona
472 3762 589 3813 emere.
636 3742 729 3809 Nulla
749 3763 847 3810 cansa
866 3746 1002 3830 cogitari
1022 3752 1144 3832 potest,
1164 3765 1225 3812 cur
1243 3746 1302 3813 hoc

109 3863 141 3929 ei
160 3873 312 3950 negatum
333 3862 433 3930 inisse
453 3863 650 3939 diceremus;
670 3864 834 3930 archontis
854 3866 940 3932 enim
961 3874 1030 3932 crat
1049 3868 1217 3946 continno,
1238 3869 1301 3955 igi·

109 3990 165 4050 tur
188 3984 285 4050 etiam
310 3985 343 4048 in
367 3985 505 4051 emtione
530 3984 728 4065 venditione,
752 4003 867 4053 canere
889 3985 1084 4073 pupillorum
1109 3988 1302 4063 commodis;

111 4111 206 4190 atque
237 4113 401 4191 practerea
433 4105 614 4192 exemplum
648 4107 792 4173 occurrit
823 4106 1086 4195 Dicaeogenis2),
1118 4110 1173 4194 qui
1197 4110 1303 4198 pupil-

148 4402 177 4470 1)
196 4397 228 4454 de
247 4403 328 4473 Hegm
347 4400 402 4456 her.
422 4423 447 4476 p.
459 4407 506 4470 87,
529 4406 542 4472 p
563 4408 607 4458 at.

147 4491 177 4560 2)
197 4491 230 4542 ls.
250 4487 283 4544 de
302 4489 417 4565 Dicacog.
440 4497 496 4549 Her.
517 4513 541 4565 p.
552 4497 601 4563 51,
622 4495 636 4564 p
658 4497 702 4547 1t.
