2842 5018
722 274 765 334 20

158 473 298 542 quarum
330 455 452 522 domini
475 463 583 522 essent
605 455 743 522 huiusce
767 455 852 533 nati,
878 473 952 521 eum
979 453 1174 522 iexiarehieo
1197 454 1280 521 libro
1303 457 1351 520 in·

160 578 273 663 scripti
297 585 413 644 essent.
461 577 546 642 Haeo
571 577 678 642 omnia
698 578 762 641 iuri
783 578 882 642 attico
902 578 1110 645 conveniunt.
1158 576 1196 642 ln
1216 575 1351 662 reliquis

157 718 233 764 vero
256 704 364 763 orator
386 696 496 782 lapsus
520 715 590 762 esse
609 695 755 771 videtum
780 695 860 762 dicit
881 697 985 762 enim:
1011 716 1107 762 »nam
1132 696 1160 762 si
1185 715 1257 762 mea
1281 715 1350 762 ma-

157 827 225 898 tor,
257 837 339 903 qnae
362 816 487 882 (tironis
507 824 559 888 ,est
583 815 661 893 fitia,
685 815 790 882 adhue
814 824 997 902 superesset
1021 824 1054 882 et
1074 816 1170 883 Ciron
1194 815 1351 883 decedens

159 936 240 1003 nihii
271 935 310 1003 de
341 956 399 1003 sua
431 936 608 1003 hereditate
632 935 818 1002 mandasset
841 944 880 1002 et
904 936 973 1002 hio
998 937 1053 1025 (is,
1079 939 1135 1022 qui
1157 938 1238 1024 petit
1262 935 1352 1002 here·

159 1056 307 1144 ditatem)
336 1065 547 1123 nonesset
569 1055 740 1122 Cironis
762 1056 1014 1140 ἀδελφιδοῦς
1038 1056 1108 1122 sed
1133 1056 1274 1123 frater
1297 1056 1352 1122 Ci-

160 1179 296 1256 ronis,
331 1177 397 1243 ius
428 1176 595 1262 quidem
629 1177 667 1243 ei
690 1176 801 1243 soret
825 1176 1050 1244 mutierem
1077 1178 1213 1266 (Cironis
1236 1176 1350 1262 filiam)

158 1299 200 1363 in
229 1297 506 1363 matrimonio
535 1296 707 1370 habere;
731 1304 875 1363 attamen
901 1297 972 1362 ideo
996 1317 1059 1363 non
1084 1296 1165 1363 foret
1191 1297 1243 1363 ille
1268 1297 1355 1362 Ciro-

161 1419 213 1483 nis
245 1417 401 1482 bonorum
434 1436 580 1503 compos,
615 1416 670 1483 sed
699 1417 792 1483 liberi
816 1439 854 1485 ex
879 1420 948 1504 ipso
971 1427 1004 1484 et
1027 1418 1152 1484 Cironis
1178 1417 1242 1483 filia
1267 1418 1353 1494 nati,

160 1545 330 1625 postquam
354 1539 417 1602 uiri
441 1536 518 1603 faeti
542 1540 683 1604 essent.''
730 1539 883 1627 Haeeita
908 1539 994 1605 dieta
1019 1548 1111 1616 sunt,
1143 1540 1235 1625 quasi
1259 1538 1354 1603 ἀδελ-

105 1720 109 1733 x
160 1657 260 1741 φιδοῖς
293 1677 357 1722 non
387 1667 471 1723 esset
503 1659 553 1722 ius
588 1658 621 1722 in
652 1658 846 1744 epiolerum,
872 1668 905 1724 at
929 1660 1000 1726 vide
1026 1681 1065 1726 ne
1090 1660 1142 1725 hie
1164 1659 1250 1724 idem
1274 1658 1354 1723 ohti-

160 1786 253 1856 neat‚
277 1776 361 1864 quod
386 1778 418 1841 in
444 1778 548 1862 priore
572 1778 654 1843 Isaei
677 1778 764 1855 loeo,
790 1779 843 1844 uhi
868 1781 993 1865 primus
1014 1802 1051 1846 on
1078 1780 1191 1846 ordine
1214 1779 1353 1844 omissus

162 1908 230 1977 est,
256 1899 331 1984 quia
355 1897 394 1964 de
417 1917 454 1963 eo
477 1917 583 1964 sermo
607 1919 669 1964 non
695 1910 801 1984 posset
824 1921 914 1980 esse,
942 1904 1061 1987 quippe
1084 1902 1140 1986 qui
1164 1919 1228 1965 non
1250 1906 1352 1965 ersta-

161 2028 223 2085 ret.
271 2017 323 2084 Sie
357 2027 467 2084 nostro
498 2019 566 2084 loeo
590 2020 735 2103 ignotum
760 2032 808 2087 est
832 2021 995 2088 fuerintne
1019 2021 1126 2087 (tironi
1149 2020 1203 2086 alii
1228 2039 1355 2105 quoque

161 2138 298 2217 iratres,
334 2141 389 2224 qui
422 2140 525 2223 igitur
554 2140 740 2224 ἀδελφιδοῦν
765 2143 798 2206 in
822 2142 1014 2227 epidioasiae
1037 2141 1150 2207 ordine
1174 2140 1356 2206 rectissime

161 2257 405 2346 praecederent.
452 2257 543 2338 Quod
575 2260 600 2324 si
634 2279 745 2326 reuera
778 2263 822 2327 ita
856 2282 925 2328 seso
949 2261 1112 2336 habuerit,
1133 2261 1243 2326 isaeus
1267 2261 1356 2325 omni

162 2379 257 2464 eulpa
289 2387 387 2443 voeat
406 2386 437 2444 et
453 2380 577 2444 ⁴merito
602 2379 661 2445 hoe
685 2400 764 2446 usus
786 2390 836 2446 est
859 2389 1061 2466 argumento.
1111 2379 1292 2445 Iiummodo
1314 2399 1356 2446 ne

161 2498 237 2564 inde
261 2498 395 2584 probare
418 2498 606 2565 studeamus
630 2498 740 2565 fratris
764 2511 820 2567 aut
845 2504 965 2567 sororis
989 2501 1132 2567 defuncti
1159 2500 1223 2566 filio
1246 2502 1298 2566 ius
1321 2500 1355 2565 in

161 2619 337 2707 epiolerum
363 2636 425 2685 nen
450 2619 561 2687 fuisse.

206 2740 253 2806 De
281 2738 442 2804 industria
475 2738 598 2824 neglexi
630 2740 692 2805 hue
719 2761 820 2827 usque
844 2742 924 2828 legis
947 2740 1120 2808 formulam
1145 2743 1247 2827 ipsam
1269 2758 1356 2804 oom-

161 2879 357 2936 memorare,
393 2878 476 2945 quae
497 2867 605 2926 tamen
629 2861 713 2946 apud
741 2870 864 2928 veteres
889 2882 1060 2928 occurrere
1083 2860 1210 2927 videtur
1224 2860 1261 2947 ¹).
1308 2859 1356 2926 Ne

161 2990 329 3068 propterea
358 2980 418 3044 sim
449 2980 481 3044 in
514 2979 617 3065 eulpa.
664 2981 828 3066 Exemplis
860 2990 893 3048 et
919 2983 1113 3049 testimoniis
1139 2981 1262 3045 idoneis
1285 2999 1355 3046 rem

161 3101 326 3168 illustrare
353 3099 454 3166 malui
485 3120 581 3184 quam
612 3121 650 3166 ex
675 3102 805 3168 turbido
828 3102 916 3169 fonte
940 3100 1127 3188 disputandi
1152 3101 1285 3167 initium
1308 3100 1356 3166 ia-

162 3241 246 3288 eere.
294 3221 475 3289 Praeterea,
495 3219 615 3286 nuliam
642 3221 735 3287 tidem
760 3222 861 3290 habeo
885 3224 925 3288 iis
950 3223 1056 3309 legum
1082 3221 1247 3296 formulis,
1273 3241 1356 3307 quae

160 3343 195 3407 in
218 3349 382 3406 oratorum
410 3341 556 3427 reliquiis
578 3343 684 3415 αὐτοῖς
707 3344 823 3425 ῥήμασι
848 3342 1002 3428 leguntur
1025 3350 1057 3407 et
1081 3361 1151 3417 eas,
1173 3341 1357 3427 quaemihi

160 3464 235 3528 usui
266 3468 397 3545 possent
427 3480 511 3538 esse,
543 3482 560 3527 a
589 3463 824 3529 recentioribus
856 3461 1016 3528 consectas
1051 3480 1121 3526 esse
1149 3479 1277 3546 semper
1300 3459 1389 3546 dog

161 3589 341 3646 monstrare
365 3600 517 3659 donarer,
542 3583 605 3647 nisi
628 3582 684 3647 alii
708 3581 788 3647 mihi
813 3582 899 3647 harno
919 3581 1057 3647 laborem
1083 3582 1355 3666 praeripuissent,

160 3701 246 3789 quod
269 3700 329 3765 hao
354 3700 392 3766 de
413 3700 481 3786 tege
501 3703 564 3766 iam
587 3722 605 3766 a
626 3702 803 3790 uranum)
825 3701 946 3768 fautum
967 3721 1037 3767 esse
1056 3700 1158 3766 video.

197 4024 225 4090 i)
255 4020 371 4093 Apollod.
400 4019 558 4091 [Demosth.]
586 4039 608 4072 c.
638 4020 727 4093 steph.
759 4024 800 4086 Π,
820 4024 942 4093 p.1134‚
962 4023 976 4089 d
995 4023 1049 4073 18:
1071 4022 1105 4085 ἣν
1121 4021 1155 4070 ἂν
1172 4020 1289 4084 ἐγγυήσῃ
1307 4017 1353 4068 ἐπὶ

160 4109 279 4165 δικαίοις
303 4110 433 4177 δάμαρτα
448 4099 521 4158 εἶναι
538 4109 555 4172 ἢ
575 4112 669 4176 πατὴρ
685 4108 703 4173 ἢ
719 4107 840 4168 ἀδελφὸς
857 4108 1000 4180 ὁμοπάτωρ
1019 4114 1035 4178 ἢ
1053 4112 1165 4167 πάππος
1181 4107 1195 4156 ὃ
1213 4108 1282 4175 πρὸς
1296 4120 1354 4155 πα-

158 4193 236 4259 τρὸς,
262 4193 291 4241 ἐκ
315 4193 421 4257 ταύτης
446 4183 519 4241 εἶναι
542 4191 649 4248 παῖδας
669 4192 810 4256 γνησίους.
830 4193 875 4242 ἐὰν
895 4191 927 4242 δὲ
943 4196 1045 4260 μηδεὶς
1063 4182 1080 4260 ᾖ
1098 4194 1221 4259 τούτων,
1239 4191 1285 4239 ἐὰν
1304 4187 1354 4251 μὲν

158 4274 303 4343 ἐπίκληρός
322 4294 364 4332 τις
386 4265 420 4342 ᾗ,
447 4274 495 4324 τὸν
511 4273 603 4342 κύριον
622 4273 713 4342 ἔχειν,
735 4275 781 4326 ἐὰν
800 4272 885 4342 δὲμὴ
905 4263 937 4347 ᾖ,
955 4276 1009 4346 ὅτῳ
1027 4278 1060 4328 ἂν
1078 4275 1229 4345 ἐπιτρίψῃ,
1252 4273 1353 4324 τοῦτον

163 4375 255 4424 nuptos
272 4363 351 4410 einai.

196 4446 226 4512 2)
245 4443 362 4498 deniseire
379 4441 445 4496 zeii.
466 4442 554 4508 1844,
577 4459 600 4513 p.
614 4442 665 4494 741
686 4459 740 4514 sqq.
