2842 5018
676 265 739 328 109

110 453 211 519 istum
237 450 293 518 sed
314 449 452 517 atterum
473 466 599 535 quoque
621 447 755 514 fratrem
776 454 905 533 praeter
924 447 1023 514 istum
1045 450 1164 519 iuravit
1183 473 1200 520 e
1219 454 1304 522 Man·

111 575 158 639 tia
189 592 259 638 esse
290 572 454 657 genitum:
488 588 567 655 quc
589 567 704 634 tacto
727 565 797 632 illi
821 585 996 634 necesse
1018 567 1104 636 init
1126 572 1234 669 istos
1257 574 1305 640 ad

112 690 333 778 phrateras
365 689 567 755 inducere
598 706 735 774 neque
767 688 804 753 ei
835 685 917 753 ulla
939 687 1109 774 reliqua
1132 689 1218 759 fuit
1241 713 1305 760 ex·

112 811 291 878 cusatio.
338 809 409 876 Atio
430 809 500 876 ioco
513 809 538 896 ¹)
561 817 670 874 orator
690 806 852 873 iudicibus
871 826 934 873 non
954 807 1102 891 ignotum
1121 829 1191 878 esse
1211 812 1306 892 dicit,

112 951 175 1019 quo
210 937 304 1017 pacto
337 947 412 995 eum
444 937 537 1015 pater
566 947 740 1014 agnoscere
772 929 830 992 sit
861 935 1037 993 coactus
1061 928 1105 1017 ²);
1146 930 1307 1014 »anditis,

113 1051 341 1126 Athenienses,
367 1068 482 1114 nomen
506 1048 566 1116 hcc
589 1068 686 1135 penes
710 1066 762 1113 me
786 1043 886 1112 inisse
909 1046 996 1111 omni
1022 1053 1181 1135 tempore,
1205 1052 1306 1121 istum

112 1190 189 1237 vero
217 1169 369 1235 Boeotum
400 1173 542 1253 apatre
567 1173 793 1254 postquam
816 1171 993 1231 coactus
1016 1167 1072 1232 sit
1096 1188 1166 1235 esse
1191 1171 1307 1238 inscri-

113 1300 207 1378 ptum
227 1287 313 1375 apud
334 1286 536 1374 phrateras.”
583 1286 669 1352 Haec
689 1305 764 1352 cum
785 1284 825 1352 ad
845 1274 998 1352 nauseam
1018 1296 1222 1375 repetantur,
1242 1311 1305 1360 nnn

113 1407 330 1475 dubitandum
347 1408 419 1485 es't,
433 1407 512 1493 quin
532 1426 646 1474 revera
666 1408 729 1473 vim
752 1407 934 1474 exercuerit
954 1407 988 1472 in
1000 1402 1157 1476 'Mantiam
1171 1410 1304 1498 Piango;

113 1547 215 1615 caque
240 1529 289 1594 vis
313 1534 404 1594 tanta
427 1526 526 1594 fuisse
549 1527 678 1596 videtur
702 1536 738 1594 ut
760 1527 897 1594 Mantias
920 1529 951 1594 ei
974 1547 1038 1595 non
1062 1522 1306 1610 adversaretur,

113 1648 286 1734 quominus
308 1649 439 1734 nuptias
458 1649 670 1716 ementiretur
690 1657 723 1714 et
742 1647 945 1715 satisfaciens
962 1647 1027 1735 -legi
1047 1651 1171 1718 iuraret
1190 1650 1307 1718 liberos

113 1786 168 1834 eos
198 1768 268 1832 cive
297 1768 397 1833 attica
427 1775 525 1853 atque
555 1767 699 1853 legitimo
730 1766 825 1833 modo
853 1775 946 1834 natos
978 1788 1058 1836 esse.
1106 1771 1306 1857 'turpissime

114 1884 244 1969 quidem
263 1885 432 1969 peierauit,
453 1883 508 1949 sed
528 1882 590 1949 alio
609 1885 702 1950 modo
723 1885 858 1952 inscribi
878 1906 941 1951 non
961 1893 1120 1972 poterant.
1150 1886 1307 1956 Miramur

114 2003 240 2080 uirum,
271 1999 375 2087 qualis
397 2001 533 2066 Mantias
556 2000 655 2070 inisse
678 2001 820 2080 videtur,
845 2003 890 2068 ita
913 2004 1058 2090 peierare
1080 2024 1196 2072 ausuum
1219 2027 1307 2086 esse,

116 2121 172 2188 sed
196 2120 251 2186 ubi
274 2139 383 2185 rerum
410 2120 592 2185 testimonia
616 2118 752 2200 adsunt,
776 2142 838 2188 non
863 2143 943 2210 opus
963 2130 1014 2190 est
1032 2123 1155 2200 verbis;
1175 2126 1240 2192 iam
1260 2128 1309 2192 vi-

115 2240 225 2308 dimus
246 2241 401 2306 Mantiam
425 2239 620 2326 Plangonem
643 2240 804 2329 deperisse
816 2241 863 2331 ³),
886 2250 983 2329 atque
1007 2242 1067 2310 hoc
1090 2245 1169 2311 satis
1191 2265 1308 2314 causae

115 2360 258 2440 videtur,
282 2379 342 2427 cur
365 2361 409 2425 ita
434 2359 553 2444 egerit:
574 2359 669 2446 eulpa
690 2367 799 2428 tamen
824 2361 955 2429 liberari
978 2363 1108 2430 omnino
1131 2367 1254 2452 nequit.

160 2481 314 2548 Coactum
337 2498 407 2546 esse
430 2479 607 2548 inscribere
630 2481 784 2549 Mantiam
806 2483 978 2569 Plangonis
1001 2483 1118 2550 liberos
1141 2505 1200 2571 pro
1223 2487 1309 2566 suis,

116 2601 179 2669 alio
210 2619 336 2687 quoque
358 2607 550 2685 argumento
572 2601 756 2678 ostendam:
781 2605 908 2670 nonnisi
932 2604 1085 2689 genuinis
1107 2601 1218 2670 liberis
1241 2614 1309 2693 pot·

117 2728 202 2789 estas
221 2728 292 2786 erat
310 2718 503 2786 succedendi
524 2719 556 2784 in
576 2721 678 2806 patris
697 2720 778 2788 bona
800 2731 896 2810 atque
917 2724 998 2789 iura.
1027 2722 1205 2790 Euctemon
1217 2723 1270 2792 iiie
1282 2725 1308 2814 Ι)

116 2843 210 2910 Alces
232 2840 334 2908 filium
359 2838 540 2924 legitimum
564 2839 735 2922 reddebat,
760 2843 816 2911 sed
838 2844 885 2911 ita
908 2851 945 2910 ut
963 2851 1091 2910 tantum
1111 2850 1235 2930 partem
1255 2860 1312 2932 pu·v

118 2970 283 3030 ternorum
317 2959 472 3026 honorum
500 2959 749 3046 adipisceretur;
773 2962 946 3048 Plangcnis
969 2981 1044 3029 vero
1068 2961 1126 3027 liiii
1150 2981 1224 3028 cum
1250 2964 1310 3029 Po·

117 3081 234 3170 tparati
268 3087 382 3164 nepote
413 3077 593 3146 succedunt
622 3081 655 3146 in
679 3082 831 3147 uniuersa
853 3080 993 3147 Mantiae
1015 3080 1113 3159 bona,
1139 3087 1176 3147 ut
1200 3081 1312 3150 multis

118 3202 198 3269 locis
221 3206 364 3265 oratores
386 3197 575 3266 ostendunt:
601 3220 685 3266 »non
709 3201 788 3268 adeo
812 3199 961 3288 stupidus
985 3201 1095 3279 sum,''
1115 3201 1313 3272 Mantitheus

119 3320 280 3409 inquit⁵)‚
317 3327 393 3386 »aut
427 3321 621 3410 temerarius
657 3328 693 3388 ut
726 3321 933 3409 patrimonii,
964 3321 1049 3408 quod
1082 3341 1179 3422 omne
1206 3309 1335 3391 iuerat

120 3460 248 3518 meum,
283 3438 459 3508 tertiam
492 3447 677 3526 partem,
707 3461 783 3508 cum
814 3444 892 3509 istos
923 3449 1073 3528 agnosset
1104 3451 1212 3535 pater,
1245 3464 1311 3511 au·

121 3560 234 3627 ferri
264 3558 374 3625 satis
404 3556 629 3627 habuerim
660 3579 761 3647 eaque
793 3580 828 3628 re
858 3561 1082 3647 acquiescam,
1115 3560 1154 3628 de
1182 3563 1312 3632 nomine

120 3689 229 3748 autem
252 3679 343 3746 litam
368 3678 401 3742 in
425 3676 588 3744 hominem
612 3677 833 3746 adversarium
857 3667 1068 3760 intenderim,
1089 3679 1152 3748 nisi
1168 3701 1311 3751 commu·

125 3864 335 3881 ᾔ

159 3977 189 4046 1)
212 3982 277 4028 orat.
303 3976 330 4039 1,
355 3992 379 4047 p.
395 3975 463 4042 999,
488 3973 504 4043 0
530 3977 582 4041 18,
607 3972 652 4034 off.
677 3995 702 4049 p.
720 3978 806 4046 1000,
832 3978 916 4048 020,
937 3978 1063 4052 ρ.1005,
1083 3977 1098 4048 §
1118 3979 1167 4050 363
1186 3984 1250 4034 orat.
1269 3979 1310 4046 11,

120 4085 147 4138 p.
158 4066 247 4130 1017,
267 4063 282 4131 t
302 4063 347 4115 ee.

159 4157 190 4224 2)
209 4160 273 4207 orat.
294 4154 322 4216 Ι,
344 4152 465 4223 puoto,
486 4152 500 4219 0
520 4153 564 4204 21.

161 4246 191 4314 3)
210 4242 312 4315 ptos,
332 4257 358 4293 n.
377 4243 407 4307 3,
429 4258 452 4310 p.
464 4243 532 4309 107,
552 4261 577 4296 n.
598 4246 623 4295 8.

160 4333 190 4401 d)
209 4349 233 4403 p.
246 4330 297 4395 77,
316 4346 343 4382 n.
364 4331 389 4382 5.

126 4452 129 4457 ,
161 4421 190 4490 5)
209 4426 272 4477 orat.
292 4421 318 4487 1,
339 4436 364 4490 p.
374 4418 443 4485 906,
463 4416 477 4486 §
498 4420 522 4472 6.
