2842 5018
677 303 737 364 165

108 485 197 555 credi
228 484 329 572 possit
361 485 446 549 inter
475 482 622 568 probatos
651 491 684 549 ot
707 483 856 570 aequales
877 494 1025 552 auctores
1048 487 1175 553 nonnisi
1201 501 1301 554 unum

109 604 352 691 Xenophontem
386 601 483 668 huius
515 603 725 689 magistratus
757 605 952 670 mentionem
985 604 1116 684 fecisse,
1139 608 1167 672 si
1190 626 1302 673 revera

108 724 288 801 exstiterit,
308 730 340 787 et
360 728 487 807 praeter
509 740 582 787 eum
601 729 729 787 tantum
751 722 885 789 Photius
905 732 937 789 et
950 724 1118 810 posthunc
1132 725 1302 813 Suidas¹)‚

110 852 248 930 uterque
279 841 416 907 fortasse
438 839 622 906 describens
645 839 837 907 scholiasten
863 841 903 908 ad
929 842 1093 930 Sophoclis
1116 845 1245 912 Aiacem
1259 846 1303 931 2),

109 961 268 1031 eiusmodi
304 961 491 1044 dptpcororde
528 963 693 1039 noverint,
726 961 888 1047 probabile
923 963 1052 1030 videtur
1082 963 1169 1031 hunc
1198 965 1304 1030 locum

110 1085 194 1150 tanti
223 1080 407 1149 habendum
432 1100 501 1147 esse
524 1082 637 1166 quanti
659 1080 961 1169 glossographorum
987 1085 1170 1150 testimonia
1193 1084 1304 1151 haberi

112 1202 263 1280 debeant,
288 1203 315 1268 si
340 1200 465 1268 nullum
486 1199 615 1267 aliunde
639 1208 744 1267 exstat
768 1213 997 1288 argumentum
1018 1203 1103 1288 quod
1124 1203 1215 1270 nobis
1234 1223 1304 1290 per·

113 1321 247 1388 suadeat
279 1342 333 1388 eos
366 1340 475 1387 veram
499 1318 612 1386 docere
637 1319 828 1386 doctrinam.
876 1321 1050 1389 Glossatori
1073 1324 1175 1409 igitur
1197 1323 1305 1389 tribuo

113 1440 266 1508 uocabula
296 1439 396 1522 ὥσπερ
428 1439 703 1523 ὀρφανοφύλακως.
751 1441 860 1527 Neque
884 1441 972 1509 Plato
986 1442 1010 1531 3)
1037 1445 1069 1508 in
1094 1462 1152 1509 sua
1176 1443 1305 1508 civitate

114 1581 188 1629 eum
213 1563 440 1647 magistratum
461 1559 563 1634 novit;
586 1557 638 1624 hic
659 1567 784 1638 autem,
807 1568 843 1625 ut
861 1561 995 1628 Athenis
1015 1562 1118 1648 legem
1138 1582 1206 1628 esse
1228 1561 1306 1628 scie·

115 1681 169 1748 bat
199 1699 263 1766 qua
294 1679 489 1768 pupillorum
520 1697 598 1744 cura
622 1678 836 1746 mandabatur
859 1680 1022 1760 archonti,
1046 1683 1218 1768 quotannis
1241 1688 1307 1748 tres

115 1819 157 1868 ex
179 1799 465 1890 nomophylacibns
489 1818 602 1864 curam
625 1817 738 1884 gerere
762 1798 851 1865 iubet
873 1807 906 1864 et
929 1799 1046 1867 tutelae
1071 1803 1173 1887 ipsius
1195 1808 1227 1866 et
1250 1819 1306 1887 pu·

117 1917 280 2005 pillorum.
315 1919 481 1995 Ceterum,
501 1917 585 2004 quod
606 1937 668 1982 non
690 1934 807 2003 urgeo,
828 1917 883 1984 sed
896 1919 1103 2004 comparandi
1121 1920 1306 2005 gratiatan·

118 2045 190 2102 tum
226 2035 323 2115 addo,
354 2044 475 2102 tutores
508 2036 573 2102 diei
597 2036 685 2103 iubet
708 2038 869 2123 proximos
893 2045 1058 2123 cognatm,
1082 2039 1131 2105 δύο
1156 2041 1212 2117 μὲν
1235 2040 1306 2120 πρὸς

117 2159 247 2240 πατρὸς,
272 2156 322 2224 δύο
345 2157 377 2223 δὲ
400 2161 472 2239 πρὸς
497 2156 624 2238 μητρός,
650 2158 677 2221 si
701 2159 774 2243 quis
798 2156 1010 2248 moribundus
1033 2156 1115 2223 nihil
1136 2157 1175 2224 de
1194 2159 1307 2224 tutori-

82 2306 86 2311 ’
116 2274 178 2343 bus
209 2276 439 2343 constituisset.
487 2276 574 2357 Quae
607 2295 681 2342 vero
710 2276 750 2341 de
773 2277 885 2363 quinto
908 2285 1016 2344 tutore
1039 2277 1310 2344 deiunctiamico

117 2394 222 2474 addit,
247 2394 326 2462 haec
350 2394 420 2461 eius
441 2397 570 2486 ingenio
594 2384 703 2462 deberi
725 2396 890 2472 videntum
911 2396 970 2463 hac
992 2397 1031 2464 de
1052 2417 1088 2464 re
1108 2399 1193 2466 enim
1215 2397 1309 2464 Athe-

118 2518 171 2582 nis
200 2514 282 2581 nihil
305 2514 375 2601 lege
399 2524 558 2583 statutum
584 2515 682 2581 luisse
706 2515 843 2582 ridetur.
896 2517 1033 2582 Prorsus
1056 2519 1141 2583 enim
1167 2520 1312 2583 nescitur

119 2654 278 2722 quaenam
310 2633 409 2701 luerit
440 2635 552 2721 regula
583 2634 622 2700 de
650 2654 785 2701 numero
807 2642 952 2701 tutorum
965 2636 1009 2723 ⁴);
1036 2636 1086 2702 hic
1110 2644 1218 2702 tamen
1242 2637 1310 2722 lege

67 2793 71 2803 ·
119 2755 273 2822 delinitus
297 2773 367 2820 esse
390 2753 519 2833 debuit,
545 2774 618 2820 narn
641 2756 669 2819 si
691 2753 842 2820 definitus
863 2774 925 2820 non
946 2762 1042 2833 esset,
1065 2755 1184 2822 archon
1206 2757 1238 2822 in
1261 2764 1311 2822 tu·

120 2883 229 2941 torum
265 2875 442 2958 desiccante
477 2876 564 2940 omni
596 2876 755 2942 caruisset
786 2883 955 2960 praecepto
988 2883 1066 2960 quot
1096 2876 1158 2941 sibi
1188 2884 1310 2943 tutores

120 2993 310 3061 nominandi
329 3002 447 3061 essent.
484 2995 522 3059 ln
542 3002 732 3062 testamento
752 3004 861 3061 autem
881 2995 1007 3080 saepius
1028 3014 1130 3071 unua,
1152 3003 1188 3061 nt
1207 2996 1311 3081 [lingi-

121 3124 195 3194 ton,
227 3117 355 3203 saepius
386 3115 494 3201 plures
517 3122 640 3182 tutores
664 3114 904 3193 scribebantur,
928 3114 1046 3201 quibus
1070 3112 1311 3201 nonnumquam

123 3255 142 3301 a
167 3233 367 3300 moribundis
390 3236 544 3320 pecuniae
565 3234 722 3321 quaedam
746 3254 873 3300 summa
893 3235 1097 3300 tribuebatur
1116 3254 1178 3320 quo
1199 3233 1312 3300 melius

124 3353 227 3422 tutela
257 3353 482 3439 iungerentur;
516 3374 597 3419 »non
629 3357 713 3420 enim
745 3353 807 3421 luit
837 3374 955 3421 munus
988 3352 1150 3440 publicum
1174 3353 1314 3430 tutela,'’

125 3495 188 3543 van
212 3475 311 3541 hssen
336 3475 517 3542 rectissime
541 3475 721 3563 consuler),
753 3474 855 3561 »quod
881 3476 966 3540 cives
991 3475 1053 3540 nisi
1078 3476 1195 3540 iustam
1220 3472 1316 3540 habe·

128 3644 334 3662 Μ

163 3746 193 3812 1)
213 3752 324 3817 uterque
344 3762 366 3798 v.
388 3741 558 3811 ὄρφανισταὸ.

164 3832 195 3901 a)
214 3830 247 3885 aa
267 3849 301 3884 vs.
321 3835 383 3885 512.

165 3924 196 3990 3)
215 3919 247 3973 de
266 3919 331 3993 legg.
350 3921 402 3988 Xl,
422 3924 476 3975 924
495 3923 530 3989 B,
548 3938 571 3974 e.
592 3922 616 3973 7.

166 4010 195 4079 d)
214 4006 246 4061 el.
273 4007 352 4062 thesis
375 4008 424 4062 viri
448 4009 510 4064 clar.
537 4027 586 4062 vnn
612 4014 690 4063 desen
711 4011 748 4080 (n.
768 4010 843 4084 bijdr.
863 4029 924 4066 voor
943 4011 1062 4087 rcgtsqel.
1083 4020 1109 4065 et
1132 4019 1207 4084 uetg.
1229 4012 1315 4077 1855,

125 4099 232 4172 'p.232,
251 4094 290 4150 th.
307 4100 350 4175 5);
377 4108 430 4151 unt
445 4101 553 4166 Romae,
574 4096 609 4151 sic
627 4098 708 4152 etiam
730 4098 839 4154 Athenis
857 4099 993 4155 nobiliores
1016 4101 1044 4154 in
1063 4100 1168 4154 civitate
1186 4096 1235 4151 viri
1254 4096 1315 4176 plu·

127 4204 168 4240 res
196 4187 223 4238 in
252 4194 410 4240 testamento
435 4196 534 4241 tutores
552 4185 613 4242 dare
630 4187 748 4242 solebant
767 4187 869 4243 honoris
888 4189 971 4258 (unde
989 4190 1156 4263 appellantur
1176 4186 1317 4254 honorarit]

128 4284 156 4328 et
175 4273 307 4328 amicitiae
325 4293 415 4343 causa,
441 4294 473 4329 ne
497 4294 576 4351 quem
597 4276 754 4351 praeteriisse
774 4277 952 4332 riderentur.''
990 4278 1089 4334 Vellem
1108 4278 1147 4332 vir
1166 4275 1226 4331 clar.
1246 4272 1317 4329 addi·

127 4362 208 4417 disset
227 4362 305 4416 buius
324 4362 397 4420 effati
415 4375 576 4439 argumenta.

168 4450 234 4522 5)1.
253 4449 287 4521 1.,
307 4450 384 4507 thesis
406 4455 429 4508 7.
