2842 5018
747 265 766 324 8

204 450 245 515 ht
277 447 357 514 inihi
382 467 418 514 ex
444 448 526 514 lsaoi
550 446 589 512 de
613 444 772 534 nstyphiti
798 447 975 515 hereditate
998 449 1142 514 oratione
1165 449 1347 536 exernplurn

160 569 371 656 Theophrasti
403 568 554 634 obiicitur
568 566 593 654 ¹)
625 568 807 652 privignam
839 587 930 634 suam
959 568 1197 656 despondentis.
1244 571 1347 637 lleam

159 702 267 757 tamen
299 691 491 756 sententiam
523 688 647 753 firmari
679 708 741 753 non
764 687 950 755 lahelaotari
975 688 1071 755 allato
1094 689 1239 775 exemplo
1263 691 1349 756 ultro

158 810 324 897 apparebit
348 810 453 876 locum
480 811 584 897 ipsum
609 809 806 895 inspicienti.
854 808 1153 897 Euthycratls‘tilio
1176 810 1348 898 lstyphilo

158 939 228 996 erat
251 950 343 996 soror
367 929 510 995 eodem
534 935 655 1014 patre
679 936 793 1005 nata,
816 927 901 1014 quod
926 928 1005 995 hene
1028 928 1259 996 attendendum
1281 940 1347 1008 est,

158 1069 232 1116 narn
266 1051 293 1115 si
325 1068 415 1115 soror
443 1068 480 1115 ea
511 1067 574 1113 non
606 1057 655 1115 est
679 1047 744 1113 lilia
767 1049 887 1115 sororis
911 1048 1088 1126 Hieroclis,
1113 1049 1167 1116 sed
1192 1059 1347 1136 concepta

156 1191 195 1236 ex
227 1169 439 1258 Euthycratis
458 1169 565 1255 priore
587 1169 810 1247 matrimonio,
840 1168 1079 1254 Theophrastus
1103 1169 1200 1235 huius
1222 1170 1347 1256 puellae

158 1312 198 1358 ne
229 1292 366 1356 vitricus
395 1289 526 1375 quidem
550 1294 610 1355 eat.
658 1289 783 1356 Mortuo
807 1297 914 1356 auteur
940 1289 1139 1378 Euthycrate
1164 1289 1346 1376 Theophra·

157 1419 243 1489 stus,
274 1410 413 1476 oratoris
442 1417 552 1495 pater,
585 1407 684 1474 huius
713 1407 842 1474 viduam
876 1408 981 1475 duxit.
1034 1409 1207 1495 Postquam
1231 1409 1346 1477 deinde

157 1530 346 1620 Astyphilus
378 1529 496 1596 tabulis
526 1527 729 1595 lexiarohiois
759 1529 936 1615 inscriptus
968 1528 1049 1607 luit,
1071 1530 1345 1615 patrimon-iunia

157 1649 377 1735 Theophrasto
409 1657 510 1714 toturn
544 1649 608 1713 rite
641 1646 848 1733 legitimeque
879 1649 1022 1734 aceepit,
1046 1650 1090 1714 ita
1113 1657 1149 1714 ut
1173 1648 1245 1716 ideo
1266 1669 1345 1716 nun·

157 1789 253 1855 quarn
283 1786 360 1840 omn
393 1789 429 1835 eo
458 1773 593 1854 questus
623 1768 676 1833 sit.
731 1768 844 1834 Postea
880 1767 1041 1856 Astyphili
1066 1787 1208 1835 sororem
1235 1769 1345 1836 eodeni

155 1898 247 1977 patre
285 1897 395 1955 natam
432 1889 502 1975 (alr
530 1889 671 1970 ἀδελφὺν
703 1889 758 1961 ala
793 1887 904 1953 ἐκείνου
937 1889 1144 1977 invitarunt)
1176 1888 1345 1975 despondit

156 2009 395 2096 Theophrastus
426 2009 515 2086 uiro,
548 2009 604 2093 qui
634 2009 664 2074 al
694 2006 865 2073 videbatur
895 2007 1029 2075 idoneus
1053 2029 1141 2085 esse,
1165 2000 1368 2095 etreliqua

154 2132 225 2198 eius
256 2131 383 2215 negotia
413 2129 530 2214 gessit;
561 2145 643 2213 quae
674 2129 782 2193 ornnia
814 2127 1003 2215 Astyphilus
1035 2137 1104 2194 rata
1128 2127 1240 2198 hahuit
1277 2128 1344 2216 (eal

154 2257 261 2318 ταῦτα
292 2252 334 2332 τῷ
359 2249 543 2333 ’herodian
568 2245 699 2335 ἐξήρκει)
723 2247 913 2313 existimans
941 2267 974 2312 se
999 2247 1257 2327 benevolentiae,
1280 2269 1345 2334 qua

86 2449 94 2460 ⁶
155 2370 395 2458 Theophrastus
416 2385 494 2455 erga
516 2389 550 2434 se
573 2376 721 2434 uteretur
732 2399 746 2446 ,·
764 2368 846 2433 satis
866 2369 1075 2453 perspicuum
1099 2369 1222 2454 cepisse
1245 2369 1345 2436 doru-

154 2499 300 2557 mentum
332 2511 386 2565 eo,
421 2488 505 2575 qaod
536 2487 576 2553 ah
608 2508 648 2553 aa
677 2486 753 2553 inde
782 2507 800 2552 a
832 2501 931 2574 puero
962 2487 1120 2555 educatus
1144 2499 1240 2556 esset.
1288 2489 1344 2555 llis

155 2611 304 2678 omnihus
328 2611 409 2676 satis
431 2608 570 2674 indicari
590 2607 717 2674 ridetur
738 2607 995 2694 Theophrastum
1018 2607 1224 2695 despondisse
1246 2609 1343 2697 Asty·

155 2730 234 2818 phili
258 2749 401 2796 sororem
424 2749 488 2794 non
513 2736 548 2793 ut
572 2728 642 2794 eius
665 2727 782 2808 κύριον,
807 2726 861 2793 sed
885 2747 924 2792 ex
948 2728 1108 2816 hstpphili
1133 2730 1345 2808 auctoritate,

155 2852 272 2937 quippe
303 2851 360 2937 qui
392 2847 604 2936 Theophrasti
632 2847 822 2934 prudentiae
846 2847 906 2914 hac
930 2849 964 2913 in
989 2864 1023 2914 re
1048 2849 1119 2935 plus
1144 2868 1242 2935 quarn
1267 2824 1346 2916 suae

154 2970 340 3038 confideret.
392 2969 560 3058 Astyphilo
592 2979 699 3034 autern
729 2968 815 3054 leges
839 2969 1000 3054 sponsalia
1023 2967 1149 3035 dedisse
1173 2971 1278 3055 ipsum
1305 2971 1344 3034 il-

154 3092 210 3158 lud
232 3093 286 3157 nal
309 3096 414 3158 aaaron
437 3092 479 3171 τῷ
503 3089 690 3171 Ἀστυφίλῳ
711 3086 826 3170 ἐξήρκει
849 3087 1019 3155 confirmat
1032 3089 1070 3177 ²).

198 3212 288 3276 Plato
312 3213 417 3296 patria
439 3211 508 3297 lege
530 3230 609 3276 usus
631 3210 759 3275 ridetur
782 3210 896 3276 iubens
909 3211 936 3298 ³)
958 3212 990 3275 in
1016 3231 1075 3277 sua
1099 3212 1230 3277 ciuitate
1248 3232 1344 3298 spon-

154 3331 235 3398 salia
266 3331 413 3416 legitima
444 3352 481 3398 oa
513 3351 598 3408 esse,
628 3350 710 3416 quae
742 3329 820 3396 liant
851 3331 991 3416 primunr
1025 3350 1042 3396 a
1074 3340 1166 3417 patre
1198 3342 1268 3397 tuna
1304 3332 1345 3398 ah

153 3472 211 3517 ovo
244 3450 358 3518 deinde
390 3471 408 3514 a
444 3449 598 3515 lratrihus
622 3449 731 3518 eoderu
756 3457 847 3536 patre
872 3451 969 3517 natis.
1017 3451 1065 3516 Ex
1089 3451 1221 3532 ordine,
1246 3471 1346 3539 quern

153 3572 242 3638 Plato
274 3572 439 3657 sequitur,
472 3572 580 3637 statirn
615 3579 746 3656 apparet
778 3569 899 3656 aliquid
924 3572 1080 3638 interesse
1105 3574 1190 3638 inter
1214 3575 1265 3640 ius
1288 3594 1345 3640 ve-

154 3712 224 3760 ruru
257 3699 290 3758 ot
322 3690 440 3756 liotioia
473 3689 651 3777 philosophi
682 3691 763 3756 iuris
796 3691 957 3756 instituta.
1006 3691 1063 3757 llic
1088 3694 1174 3758 eninr
1199 3694 1344 3779 primurn

154 3820 279 3900 patrem
311 3820 382 3878 turn
415 3831 510 3877 avum
550 3809 665 3878 deinde
698 3809 815 3876 fratres
845 3811 1013 3887 nominat,
1049 3812 1099 3878 lex
1134 3832 1209 3879 vero
1235 3812 1344 3900 ipsat)

152 3942 277 4023 patrem
313 3931 447 4000 fratrem
493 3951 600 3999 avum.
655 3930 701 3996 lta
742 3948 868 4016 semper
914 3930 1003 3998 Plato
1037 3930 1113 3998 lacit
1150 3933 1182 3999 in
1218 3932 1348 4020 legibus

153 4088 361 4105 W

189 4173 219 4241 1)
240 4169 324 4244 pat,
344 4170 359 4238 h
380 4170 431 4235 29,
450 4167 483 4222 cl.
503 4166 570 4223 infra
590 4166 635 4222 lib.
656 4172 681 4235 1,
701 4171 756 4237 Ill,
777 4171 807 4237 2,
828 4173 855 4225 Β.

189 4263 219 4328 2)
239 4257 271 4312 cf·
290 4256 452 4313 Schoomann
472 4255 503 4310 ad
523 4256 588 4311 lsaei
607 4256 701 4312 locum.

189 4351 220 4419 3)
240 4347 272 4400 de
291 4347 357 4421 legg.
377 4350 429 4415 Vl,
448 4365 471 4419 p.
484 4347 536 4399 774
557 4349 591 4419 Ε,
611 4364 632 4400 c.
654 4351 696 4401 17.

190 4441 220 4510 d)
240 4436 271 4491 cf.
291 4455 369 4509 supra
389 4440 459 4510 pu,
481 4456 505 4490 n.
529 4440 551 4489 7.
