2842 5018
651 293 693 352 ot

68 470 271 540 incommodo
305 489 430 540 vacare.
478 473 567 539 luter·
601 471 664 539 alia
696 479 829 539 cceuset
861 473 1082 562 Phaenippum
1112 475 1258 554 fraudis,

64 593 184 680 quippe
216 593 274 678 qui
307 592 440 661 simulet
467 613 504 659 se
528 592 643 662 dehere
667 613 750 679 quae
773 612 887 661 revera
910 614 972 660 non
997 596 1124 670 deheat;
1148 598 1183 662 in
1204 597 1257 664 his

64 713 163 781 etiam
192 712 252 779 dos
281 721 330 779 est
358 732 458 798 quum
490 733 522 778 se
553 715 652 779 matri
680 713 799 781 dehere
831 712 909 780 dicit
934 715 1005 781 iste.
1062 716 1115 783 Sic
1139 716 1256 784 deinde

63 833 271 919 persequitur
284 832 323 920 ¹):
351 852 552 919 »quamnam
577 833 615 899 oh
640 853 770 900 causam
795 853 870 919 ego,
896 834 1095 921 Phaeuippe,
1119 845 1256 904 matre

62 972 149 1021 mee
173 953 210 1019 iu
237 951 418 1020 nedibus
443 955 602 1021 uostris
621 961 922 1022 remanenteet
940 956 1107 1024 vivente
1126 955 1254 1024 dotem

63 1092 184 1159 quem
212 1073 367 1138 attulit
395 1093 475 1140 corr
509 1092 709 1142 recenseo
737 1074 857 1140 inter
892 1093 963 1140 aes
985 1073 1172 1142 alienum
1196 1096 1253 1144 ne-

63 1211 127 1279 que
158 1192 283 1260 iudices
313 1191 460 1278 decipio,
483 1192 556 1259 sed
580 1200 757 1258 matrem
782 1213 969 1260 meorum
992 1197 1254 1282 participem

61 1331 153 1388 esse
175 1311 290 1379 sino?
315 1349 361 1362 -
382 1311 466 1392 Quia
490 1312 576 1397 leges
600 1311 728 1387 iuhsnt;
754 1320 790 1380 tu
811 1333 885 1381 vero
905 1316 1014 1381 omnia
1034 1323 1147 1383 contre
1165 1316 1254 1402 leges

63 1434 169 1520 ogis.”

107 1553 172 1619 Lex
204 1552 306 1638 igitur
328 1551 368 1618 nh
396 1558 525 1619 oratore
556 1550 721 1619 dicitur
753 1552 900 1621 iubere
930 1552 1028 1621 tilio
1051 1555 1254 1624 obvenire

62 1673 218 1772 dotem,
239 1673 276 1738 si
298 1678 418 1756 petre
441 1680 609 1739 mortuo
633 1691 736 1738 uxor
755 1675 797 1738 in
816 1674 966 1740 mariti
988 1673 1104 1741 domo
1125 1696 1254 1745 rema·

62 1802 152 1868 net,
194 1790 264 1856 sed
306 1792 434 1855 metri
467 1790 614 1857 silium
645 1792 810 1858 victum
848 1793 1052 1877 praehere
1086 1795 1253 1864 dehere.

62 1913 183 1976 Contra
213 1908 314 1974 filiurn
347 1929 411 1974 nou
441 1910 601 1975 sinentem
633 1918 772 1976 matrem
807 1913 997 1997 participem
1029 1932 1100 1979 esse
1121 1933 1255 1982 suorum

63 2031 226 2102 recursor
247 2028 334 2093 actio
357 2028 486 2093 institui
509 2029 686 2114 poteram.

107 2149 158 2237 β).
204 2148 340 2215 Matrem
375 2148 487 2214 meriti
519 2147 615 2214 domo
649 2137 762 2216 relicte
797 2168 871 2217 cum
903 2150 975 2218 dote
1008 2152 1040 2218 in
1071 2154 1169 2234 κυρίου
1201 2156 1255 2223 sui

62 2288 197 2335 menum
227 2269 347 2335 reverti
375 2267 470 2334 docet
505 2269 615 2335 isaeus
629 2269 667 2357 8).
715 2268 909 2337 Nicodemus
942 2272 1029 2339 enirn
1057 2271 1198 2340 affirmet
1218 2294 1256 2342 se

62 2409 207 2458 sororem
241 2396 333 2456 sunus
365 2409 440 2456 curu
473 2388 546 2455 dote
577 2390 702 2478 Pyrrho
723 2390 881 2468 elocasse;
905 2393 989 2478 quod
1014 2401 1050 2460 ut
1074 2403 1255 2472 constaret,

61 2509 149 2576 filius
178 2509 296 2598 Pyrrhi
325 2509 446 2576 sororis
470 2528 551 2595 quoe
571 2510 605 2574 iu
630 2509 712 2575 hone
735 2509 879 2577 fraterna
902 2523 1120 2591 successerat,
1143 2513 1254 2600 idque,

62 2638 99 2696 ut
121 2629 295 2697 Nicodemc
318 2629 505 2706 videbatur,
529 2630 763 2707 roissiacum
787 2640 878 2717 rogat
902 2652 1060 2718 quaenam
1085 2634 1151 2700 siut
1172 2633 1258 2701 indi-

62 2752 112 2817 cia
136 2751 233 2816 huius
256 2749 489 2836 desponsionis.
537 2749 752 2836 Maximopere
776 2771 810 2816 se
838 2750 917 2817 relic
937 2753 1021 2819 scire
1040 2752 1120 2820 dicit
1141 2762 1253 2822 utrum

61 2868 218 2956 desponsa
244 2869 361 2937 mulier
381 2869 543 2958 Pyrrhum
566 2870 675 2935 vivum
695 2870 865 2956 reliquerit
885 2892 927 2937 au
947 2873 1016 2958 ipso
1035 2883 1163 2938 mortuo
1183 2875 1255 2941 eius

60 2991 192 3056 domurn
225 2990 405 3057 deseruerit
435 2997 467 3056 et
497 3010 516 3054 a
544 3009 610 3076 quo
645 2988 776 3056 tandem
805 2993 925 3056 sororis
948 2990 1054 3059 dotem
1079 2994 1255 3078 receperit,

61 3118 231 3198 postquam
261 3110 314 3178 iile
342 3112 385 3176 sit
410 3117 557 3176 mortuus
585 3111 641 3176 cui
675 3130 710 3176 se
741 3129 812 3176 eam
837 3109 1043 3196 despondisse
1067 3110 1253 3192 herhiheat‚

63 3241 137 3308 aot,
160 3232 189 3296 si
210 3251 276 3296 non
299 3231 479 3317 receperit,
506 3229 634 3315 qualem
661 3230 745 3304 δίκην
767 3229 852 3296 circo
878 3239 932 3297 aut
957 3230 1076 3312 προικός
1100 3231 1186 3298 intre
1210 3234 1255 3299 ri·

62 3350 223 3435 gesimum
256 3368 378 3415 annuus
409 3350 590 3415 instituerit
623 3357 735 3416 contra
766 3369 840 3417 eum
868 3353 924 3437 qui
959 3353 995 3417 in
1022 3351 1140 3440 Pyrrhi
1163 3351 1254 3420 here·

60 3469 198 3537 ditatem
223 3470 425 3537 successerit.

107 3590 278 3656 Contendit
309 3590 410 3674 igitur
442 3587 635 3654 Nicodeurus
667 3609 701 3655 se
732 3610 874 3656 sororem
911 3611 1002 3656 suram
1034 3591 1097 3658 rite
1121 3590 1255 3677 despon-

59 3710 150 3777 disse
180 3709 324 3798 Pyrrho,
355 3729 395 3776 ex
425 3728 488 3794 quo
523 3710 729 3775 matrimonio
761 3720 834 3776 nota
865 3711 907 3775 sit
943 3708 995 3775 illa
1028 3708 1092 3774 iilia
1117 3729 1199 3794 quae
1221 3712 1254 3775 iu

61 3830 207 3896 credone
243 3828 429 3895 nommetur
464 3827 552 3894 Phile
584 3830 653 3895 sive
683 3828 846 3896 Clitarete.
904 3829 952 3894 Ex
985 3829 1025 3893 iis
1056 3847 1138 3912 quae
1170 3804 1255 3894 filius

62 3948 181 4037 Pyrrhi
202 3949 322 4015 sororis
343 3955 436 4034 rogat
457 3947 601 4036 (simulat
622 3949 708 4014 euim
731 3968 764 4014 se
787 3947 960 4014 concedere
981 3945 1153 4013 Nicodemo
1166 3947 1253 4013 istud

60 4097 283 4113 ——n--

101 4188 114 4235 1
168 4225 176 4238 .
242 4186 259 4234 7
331 4183 375 4233 27.

98 4186 130 4342 23
149 4187 275 4338 glemu,
291 4184 339 4325 {er
361 4287 427 4342 proc.
454 4272 494 4336 tt,
513 4288 537 4341 p.
548 4269 619 4336 266,
639 4268 715 4322 Meier
734 4278 760 4322 et
779 4268 894 4323 Schoem.
915 4268 940 4322 d.
959 4279 1007 4324 att.
1029 4289 1094 4342 proc.
1117 4291 1139 4345 p.
1155 4276 1209 4328 288
1229 4284 1255 4328 et

65 4363 128 4414 427.

100 4450 130 4518 3)
152 4447 184 4504 de
202 4447 296 4521 Pyrrhi
316 4447 369 4504 her.
387 4468 411 4520 p.
422 4451 471 4517 38,
491 4450 506 4517 h
526 4450 559 4515 ὃς
578 4445 612 4502 ci.
631 4446 736 4503 omnino
755 4467 779 4520 p.
790 4450 840 4515 45,
861 4449 874 4514 h
896 4451 937 4503 70.

1056 4541 1072 4586 8
