2842 5018
753 275 796 338 60

178 457 219 527 ad
250 460 387 536 vietum,
416 466 488 525 tum
516 457 556 525 ad
580 457 831 525 institutionem.
877 456 1047 525 Liberis
1072 459 1212 547 igitur
1236 469 1369 527 matre

177 586 346 644 mortua
366 577 436 643 dos
457 585 644 646 materna
663 577 837 650 obvenit;
864 578 1009 662 pueris
1025 586 1270 646 autern-curn
1292 599 1368 646 nou

176 696 336 764 liceret
366 697 622 765 contra-here
653 697 770 764 ultra
796 696 949 763 hordei
972 697 1285 789 medimnum¹),
1308 720 1369 788 pa·

177 825 242 883 ter
277 817 391 884 dotis
415 836 531 883 usum
556 816 740 884 fructum
763 816 958 895 habebat,
981 817 1119 903 quoad
1141 818 1277 887 liberi
1302 822 1369 888 sui

177 940 288 1007 iuris
311 939 422 1004 lacti
448 945 608 1016 essent,
628 936 699 1005 sed
720 938 878 1005 victum
899 945 940 1004 et
960 939 1294 1007 institutionem
1314 940 1369 1005 iis

179 1058 277 1126 inde
300 1058 505 1145 praeberi
528 1058 769 1145 oportebat.

223 1179 292 1247 Non
323 1196 449 1265 semper
470 1197 545 1247 vero
569 1177 670 1245 adulti
692 1178 784 1245 liberi
806 1177 913 1245 dotem
939 1187 1119 1247 maternam
1143 1178 1205 1244 sibi
1226 1176 1367 1246 vindiea-

177 1300 272 1377 bant,
297 1307 334 1367 ut
356 1299 513 1385 probatur
533 1298 678 1367 eiusdem
700 1298 868 1365 Mantithei
884 1299 1045 1386 exemplo,
1066 1299 1185 1385 quippe
1204 1299 1261 1385 qui
1280 1305 1369 1384 patre

179 1418 286 1487 adhue
314 1420 387 1485 vivo
409 1420 541 1486 circiter
565 1418 785 1506 duodeviginti
810 1438 911 1487 annos
934 1426 1034 1486 natus
1054 1420 1127 1505 ipse
1147 1437 1281 1485 uxorem
1304 1418 1368 1485 iam

179 1538 325 1606 duxisset
353 1549 386 1606 ct
417 1549 489 1625 post
519 1539 650 1624 longum
680 1541 835 1627 temporis
866 1537 1090 1617 intervalium,
1121 1557 1198 1604 sarm
1222 1538 1286 1625 ipsi
1305 1538 1370 1605 iam

179 1667 262 1727 esset
285 1659 353 1727 filia
375 1659 509 1736 nubtis,
533 1659 664 1727 demum
688 1659 830 1746 litigaret
853 1659 892 1726 de
915 1658 990 1727 dote
1013 1667 1160 1727 materna
1183 1657 1369 1726 nonduma

178 1780 323 1866 paternis
345 1779 438 1846 bonis
460 1779 619 1846 seiuncta.

223 1899 268 1988 i).
318 1897 415 1967 (ium
440 1898 572 1966 liberi
592 1899 684 1966 nati
704 1918 786 1965 non
807 1906 951 1966 essent
970 1896 1042 1965 dos
1063 1896 1368 1965 revertebatur

178 2017 229 2086 ad
261 2039 351 2087 eum
387 2020 459 2105 qui
494 2039 579 2086 eam
615 2018 807 2096 dederat,
839 2029 875 2085 ut
904 2018 1017 2105 probat
1048 2019 1218 2107 rsaew).
1267 2018 1369 2104 Rogat

176 2139 302 2207 seilicet
325 2147 449 2206 orator:
475 2138 692 2206 »Nicodemus
715 2147 807 2207 estne
828 2136 1064 2205 existimandus
1083 2137 1174 2205 nulla
1195 2157 1277 2206 oum
1298 2137 1371 2207 dete

179 2279 322 2326 sororem
344 2279 436 2326 suam
460 2268 571 2325 nostro
590 2259 750 2326 avunculo
772 2256 996 2345 despondisse,
1018 2258 1209 2345 praesertim
1232 2261 1291 2345 qui
1306 2259 1370 2327 sei·

178 2390 231 2446 ret
264 2399 334 2447 eam
367 2399 406 2446 ex
438 2399 549 2447 eorum
585 2379 779 2465 quibuscum
813 2379 1031 2446 consuevisset
1066 2378 1155 2445 nullo
1189 2380 1372 2466 peperisse,

180 2499 388 2586 legesque
412 2507 557 2566 nosset
580 2499 663 2586 ipsi
686 2498 820 2567 dotem
847 2497 1101 2566 adiudicare
1124 2500 1281 2566 marito
1303 2498 1371 2567 da·

178 2629 283 2699 tarn,
316 2621 352 2687 si
379 2622 658 2705 contingeret
686 2628 731 2687 ut
759 2620 915 2687 mulier
938 2621 1031 2687 sine
1054 2619 1174 2706 prole
1196 2619 1372 2688 decede·

180 2739 290 2808 ret?=''

224 2859 562 2928 lenocinatorem
582 2858 809 2926 illustrandum
831 2858 912 2926 nihil
932 2858 1033 2927 habeo
1054 2859 1140 2946 quod
1160 2857 1371 2937 eddam,uisi

181 2983 257 3049 hine
280 2982 392 3049 itidem
417 2982 499 3056 diuvo
522 2979 641 3062 uptote
665 2980 743 3046 oriri
767 2979 959 3068 potuisse⁸).

224 3102 294 3168 Non
325 3121 405 3187 opus
436 3108 485 3165 est
509 3109 544 3164 ut
567 3098 714 3164 dieamus
738 3099 815 3185 quid
839 3099 879 3166 de
903 3099 975 3167 dote
999 3098 1069 3167 fieri
1092 3106 1256 3186 oporteret
1279 3106 1371 3186 patre

180 3228 213 3289 et
236 3228 341 3287 matre
363 3220 518 3296 mortuis,
542 3238 617 3284 narn
642 3220 674 3285 in
698 3218 919 3305 superioribus
942 3240 994 3286 me
1017 3221 1097 3288 satis
1120 3218 1301 3287 ostendisse
1322 3239 1372 3285 ar-

179 3341 285 3407 bitror
315 3339 393 3426 quid
425 3345 516 3425 patre
542 3346 670 3404 mortuo
699 3338 778 3425 quid
809 3348 914 3406 matre
942 3347 1070 3406 mortua
1098 3339 1206 3408 tieret..
1256 3338 1371 3409 Omnis

179 3459 257 3528 inde
286 3457 426 3546 pendent
458 3466 532 3525 uter
563 3459 651 3545 prior
681 3458 767 3526 diem
791 3478 981 3545 supremum
1004 3458 1119 3527 obierit
1143 3467 1242 3547 atoue
1266 3462 1371 3529 sintne

176 3579 274 3647 liberi
296 3579 363 3645 nati
386 3597 498 3645 necne.

223 3700 263 3767 ΙΙ.
310 3699 507 3765 Ilivortio
542 3697 681 3765 locum
714 3697 899 3766 habente
931 3701 1029 3766 unius
1059 3707 1190 3770 tantum
1219 3699 1303 3786 legis
1332 3699 1370 3767 de

178 3821 251 3888 dote
281 3819 462 3886 doctrinam
485 3819 576 3886 Isaeo
598 3818 753 3886 debemus
775 3829 808 3886 et
830 3820 901 3887 eius
925 3819 985 3887 hac
1009 3822 1043 3887 in
1068 3840 1104 3888 re
1127 3819 1289 3906 discipulo
1311 3820 1369 3888 lle·

176 3940 349 4007 mostheni.
396 3940 444 4005 Ex
468 3939 548 4004 lsaei
573 3937 752 4005 vocabulis:
777 3941 828 4006 »si
849 3941 922 4026 quis
944 3938 1023 4025 quid
1044 3941 1161 4005 nonin
1182 3938 1256 4007 dote
1278 3939 1370 4013 alteri

213 4262 243 4330 1)
262 4264 294 4313 ls.
315 4259 346 4312 de
366 4259 444 4313 Arist.
466 4258 520 4314 her.
540 4281 564 4332 p.
577 4265 628 4330 80,
648 4265 662 4332 §
683 4268 727 4317 10.

211 4353 242 4419 2)
261 4349 293 4402 dc
310 4349 400 4422 Pyrrhi
421 4348 475 4401 lrcr.
496 4369 519 4420 p.
532 4353 580 4416 41,
602 4352 617 4419 p
638 4355 687 4420 363
707 4350 739 4408 of.
760 4356 774 4421 ᾗ
795 4356 844 4420 38,
867 4351 911 4407 ubi
932 4351 1092 4408 sortiendum
1114 4349 1248 4424 leguntur.

213 4441 242 4508 3)
262 4437 293 4492 ci.
314 4436 390 4492 lleicr
409 4446 435 4491 et
454 4435 570 4492 Solvoem.
590 4439 614 4492 d.
636 4449 684 4496 att.
706 4460 774 4514 proc.
795 4461 819 4515 p.
831 4445 892 4497 424.
