2842 5018
742 273 783 334 ot

164 480 183 526 a
213 456 374 546 Stephano
403 457 509 523 dotem
542 454 691 523 reddidit.
740 457 829 524 Licet
860 456 960 542 igitur
992 456 1095 542 legem
1128 454 1168 522 ab
1201 455 1291 523 Isaeo
1323 464 1355 524 et

162 577 375 645 demosthene
399 585 683 644 commemoratam
710 576 751 642 ab
772 575 960 664 Apollodoro
983 575 1144 644 firmatam
1168 575 1352 655 videamus,

161 697 209 763 nil
238 698 312 763 novi
336 696 411 764 inde
434 697 591 763 discimus
611 704 643 762 ot
668 697 784 762 incerti
806 695 977 764 haeremus
999 697 1074 782 quid
1101 696 1140 763 de
1163 696 1237 764 dote
1261 696 1353 764 lieret

162 819 196 882 in
220 817 365 902 eoquod
388 816 531 882 diximus
551 816 681 882 divortii
706 836 833 902 genere.

205 936 273 1004 lam
306 956 404 1023 supra
435 935 575 1003 indicavi
598 935 683 1002 locos
707 944 876 1003 auctorum
901 934 940 1001 de
963 933 1145 1002 forensibus
1168 934 1352 1002 actionibus

160 1056 245 1144 apud
268 1056 480 1123 Athenienses
503 1056 536 1121 in
562 1054 680 1144 quibus
704 1064 806 1142 agunt
829 1054 868 1121 de
892 1054 952 1121 hae
976 1056 1103 1122 actione
1116 1054 1152 1142 ¹).
1320 1030 1323 1034 ¹

204 1176 247 1243 Si
277 1196 359 1262 qua
390 1175 544 1242 mulier
567 1195 587 1242 a
610 1177 754 1262 priore
777 1176 935 1242 marito
958 1174 1210 1242 discedebat
1234 1183 1275 1240 et
1299 1174 1351 1240 al·

107 1382 108 1385 )
159 1297 244 1362 teri
265 1296 466 1372 nubebat,
487 1295 624 1362 dotem
645 1315 726 1362 eam
747 1298 857 1382 sequi
875 1296 1113 1382 oportebat.
1156 1296 1241 1363 Haeo
1261 1297 1348 1361 enim

159 1415 356 1482 condicionis
378 1416 515 1482 mutatio
538 1415 713 1482 divortium
737 1423 800 1494 est,
823 1414 908 1501 quod
932 1435 1050 1481 novum
1071 1417 1219 1502 sequitur
1238 1387 1350 1482 matri·

157 1537 305 1601 monium
330 1555 434 1622 neque
457 1537 538 1602 iuris
559 1536 708 1602 instituta
727 1536 790 1602 alia
810 1537 916 1604 ualere
936 1544 1121 1623 potuerunt.
1170 1535 1263 1618 Quod
1283 1535 1350 1607 dixi

157 1655 273 1741 probat
306 1655 533 1723 Demosthenes
547 1656 591 1744 ²),
622 1658 678 1742 qui
710 1667 821 1723 narrat
852 1655 1023 1724 Onetorem
1052 1676 1194 1725 sororem
1220 1655 1350 1743 Aphobo

158 1773 284 1842 dedisse
307 1784 340 1842 et
365 1777 595 1854 Timocratem,
625 1776 679 1842 coi
703 1776 821 1844 mulier
845 1796 882 1843 ea
905 1785 999 1844 antea
1024 1784 1123 1864 nupta
1146 1776 1269 1854 luerat,
1295 1797 1348 1864 pe·

155 1895 276 1981 pigisse
310 1916 344 1962 se
379 1897 409 1962 ei
440 1896 546 1964 dotem
580 1896 767 1964 debiturum
799 1918 869 1966 esse
902 1916 975 1964 eum
1008 1898 1150 1984 quinque
1179 1897 1342 1965 obolorum

156 2035 257 2082 usura
270 2018 308 2102 3).

199 2137 304 2203 Antea
316 2136 343 2223 4)
374 2135 544 2204 docuimus
575 2137 707 2224 epicleri
738 2158 813 2225 opes
841 2138 962 2206 similes
986 2138 1149 2206 habendas
1171 2159 1242 2205 esse
1265 2139 1345 2205 doti.

154 2255 200 2322 Ne
231 2257 304 2341 quis
336 2256 411 2323 hinc
438 2255 558 2323 efficiat
581 2256 693 2325 eadem
717 2259 866 2329 instituta
889 2258 1029 2325 valuisse
1052 2257 1092 2325 de
1114 2259 1213 2326 buius
1236 2257 1347 2336 bonis,

154 2375 193 2442 de
222 2375 341 2461 quibus
373 2375 451 2462 quid
476 2376 687 2444 Athenienses
711 2378 914 2444 instituerint
937 2399 1035 2465 sopra
1059 2380 1123 2446 iarn
1150 2364 1346 2468 vidimus⁸);

153 2494 271 2582 quibus
294 2517 381 2562 nnnc
405 2495 483 2562 haee
508 2502 635 2562 tantum
660 2496 815 2565 addemus
838 2519 878 2564 ex
901 2499 983 2565 iuris
1006 2473 1194 2567 hereditarii
1215 2501 1346 2567 institu-

152 2616 196 2683 tis
224 2615 354 2705 probari
378 2636 469 2703 posse
493 2615 595 2683 videri
620 2617 717 2685 huius
741 2616 972 2697 hereditatem,
996 2620 1023 2685 si
1048 2621 1155 2686 omnia
1175 2621 1347 2689 conamina

154 2735 195 2805 ad
218 2739 320 2823 patris
344 2757 459 2803 nomen
484 2745 517 2804 et
540 2735 695 2804 familiam
719 2738 759 2804 ab
782 2738 918 2806 interitu
941 2738 1097 2807 servanda
1117 2759 1267 2808 successu
1288 2759 1341 2807 ca·

151 2857 311 2936 ruissent,
347 2857 376 2924 ei
407 2857 557 2925 obvenire
580 2858 634 2924 oui
658 2858 708 2925 ius
731 2859 766 2923 in
789 2877 862 2925 eam
885 2857 1016 2937 luisset,
1042 2861 1071 2926 si
1097 2858 1229 2946 epicleri
1251 2868 1347 2947 pater

151 2978 282 3044 omnino
307 2975 406 3045 orbus
428 2976 539 3045 liberis
562 2977 648 3045 diem
672 2997 861 3065 supremum
884 2977 1026 3048 obiisset.
1074 2979 1212 3047 Frustra
1234 2987 1344 3052 tamen

150 3096 249 3165 huius
280 3099 328 3164 rei
359 3098 504 3184 exempla
535 3105 592 3164 aut
621 3098 804 3165 testimonia
828 3118 975 3185 quaeras.
1023 3099 1088 3167 Nec
1111 3100 1195 3168 bane
1220 3099 1346 3188 disqui-

150 3217 279 3285 sitionis
309 3224 433 3303 partein
467 3216 604 3283 ulterius
633 3236 826 3305 persequar,
853 3239 928 3286 eum
953 3219 1034 3288 tales
1058 3221 1262 3307 quaestiones
1286 3241 1344 3293 neo

151 3336 262 3402 dirimi
285 3337 407 3422 possint
433 3336 687 3423 necquidquam
710 3337 899 3426 profuturae
920 3340 985 3408 sint
999 3340 1037 3429 ο).

149 3512 349 3531 m

189 3631 220 3699 1)
239 3647 264 3702 p.
275 3631 325 3695 58,
346 3645 372 3679 u.
393 3629 417 3678 2.

185 3719 217 3788 2)
236 3716 293 3772 adv.
315 3715 392 3779 linet.
414 3717 443 3782 1,
464 3735 487 3788 p.
499 3717 569 3784 8663
587 3713 620 3772 el.
641 3719 655 3786 q
675 3719 702 3772 9.

185 3809 216 3878 3)
235 3807 287 3871 τὴν
311 3803 344 3856 δὲ
368 3806 458 3872 προῖκ’
485 3803 561 3873 αὐτῷ
587 3804 759 3874 Τιμοκράτης
776 3805 822 3858 ἐπὶ
839 3805 917 3858 πέντ’
940 3806 1048 3870 ὀβολοῖς
1067 3807 1222 3878 ὀφειλήσειν
1239 3811 1343 3875 ὡμολό-

148 3907 243 3960 γησοι.

186 3980 216 4049 4)
236 3997 260 4052 p.
271 3979 322 4044 47,
342 3995 370 4031 n.
388 3979 412 4030 2.

184 4069 215 4136 5)
234 4069 319 4140 p15‚
337 4084 365 4119 n.
387 4069 404 4118 8
423 4083 476 4139 sqq.

186 4156 215 4224 6)
235 4153 266 4209 cl.
286 4173 310 4227 p.
322 4157 371 4222 to,
393 4173 418 4207 n.
441 4158 465 4206 l.
