2842 5018
738 299 800 361 190

167 495 298 575 parte.
346 484 551 552 Demostheni
587 492 651 551 tres
674 483 802 549 inerant
825 490 960 556 tutores,
984 484 1040 569 qui
1063 482 1129 550 lere
1151 503 1263 552 omnes
1285 488 1354 554 cius

167 629 242 695 opes
262 607 476 692 diripuerant;
496 607 529 671 in
549 607 692 672 oratione
711 613 818 671 autem
839 603 879 671 de
898 603 999 671 tutela
1018 614 1131 671 eontra
1145 604 1315 692 Aphohum
1329 609 1353 697 ¹)

166 728 244 794 dicit
275 727 409 806 harum,
432 727 550 813 quippe
574 726 789 792 communiter
811 745 830 791 a
852 724 958 792 trihus
981 725 1200 814 direptarum,
1224 729 1354 794 tertiam

164 857 289 935 partem
312 848 352 914 ah
375 847 505 934 hphoho
528 847 589 913 sibi
613 846 844 913 restituendam
869 866 951 914 esse.

210 969 314 1035 Verbo
349 977 475 1035 tantum
507 987 619 1035 moneo
650 977 800 1033 contra
830 968 993 1034 tutoris
1025 967 1202 1035 heredes
1232 989 1352 1055 agen·

165 1091 257 1156 dum
290 1089 428 1155 luisse
460 1108 538 1154 non
568 1089 788 1170 ἐπιτροπῆς
813 1087 883 1155 sed
905 1087 1074 1167 βλάβης
1096 1089 1207 1172 hiep,
1231 1092 1350 1176 quain

163 1231 200 1277 re
230 1220 378 1276 versatur
406 1210 533 1296 saepius
562 1229 581 1275 a
605 1209 696 1275 nohis
718 1208 846 1275 laudata
869 1210 970 1275 oratio
994 1209 1219 1277 Demosthenis
1241 1211 1352 1279 adver·

165 1351 220 1397 sus
243 1329 495 1396 Nausimachum
518 1338 551 1394 et
574 1328 786 1415 Xenopithem
800 1330 838 1418 ²).

209 1452 351 1518 Elooatio
375 1450 511 1517 eumad
533 1452 652 1516 tutoris
675 1471 787 1518 curam
808 1450 893 1537 quod
915 1452 1031 1518 attinet
1055 1451 1156 1517 multo
1175 1451 1353 1539 simplicior

87 1595 90 1601 ·
164 1581 266 1649 esset,
297 1580 367 1637 tum
399 1573 433 1635 in
457 1570 576 1637 tutelae
599 1570 662 1637 fine
687 1580 825 1638 tutorem
850 1573 889 1638 iis
912 1571 1069 1638 molestiis
1091 1571 1246 1640 liberabat
1269 1593 1351 1659 quae

164 1695 344 1759 necessario
378 1712 417 1758 ex
452 1691 730 1758 administratione
764 1691 1053 1779 consequebantur.
1107 1692 1174 1759 Iam
1206 1691 1347 1760 diximus

163 1821 275 1880 contra
294 1820 449 1888 tutorem,
472 1812 545 1897 qui,
564 1831 640 1877 cum
661 1821 752 1898 pater
772 1811 973 1891 mandasset,
993 1812 1107 1901 pupilli
1119 1814 1345 1900 patrimonium

163 1934 304 2000 omnino·
325 1953 388 1998 non
412 1932 567 1999 elocasset
589 1939 646 1998 aut
669 1933 804 1997 minoris
827 1952 924 2018 quam
947 1951 1005 2017 par
1028 1941 1114 1999 esset
1135 1932 1233 2016 <paleo
1257 1935 1351 2001 insti-

162 2057 211 2120 tui
244 2055 386 2141 potuisse
398 2054 437 2141 ³).
484 2053 654 2119 Locatione
685 2052 822 2118 durante
854 2050 976 2118 nullum
1010 2052 1191 2141 periculum
1218 2063 1355 2121 eratne

161 2175 275 2261 pupilli
307 2194 381 2262 opes
412 2175 568 2261 perirent,
593 2193 667 2239 uam
692 2175 722 2240 ei
746 2174 802 2259 qui
824 2171 1022 2239 conduxerat
1045 2174 1162 2260 pignus
1187 2182 1354 2260 praestan·

163 2294 239 2361 dum
276 2295 402 2380 erat⁴),
433 2293 517 2378 quod
550 2293 685 2359 finito
716 2293 948 2359 locationis
981 2303 1166 2380 tempore
1191 2295 1351 2383 pupilli

160 2415 313 2492 tiebat,
338 2417 372 2480 si
397 2416 433 2481 is
456 2416 525 2502 qui
546 2413 820 2480 conduxisset
841 2416 1150 2499 patrimonium
1171 2415 1349 2484 reddere

160 2555 239 2601 non
263 2536 455 2623 posset⁵).

205 2657 285 2722 Cum
316 2654 430 2722 locatio
461 2676 587 2743 semper
617 2656 708 2722 tieret
729 2663 860 2722 auctore
883 2655 1053 2734 archonte,
1077 2656 1350 2724 verisimillimum

160 2775 289 2842 uidetur
318 2777 416 2842 etiam
446 2776 556 2843 codem
589 2786 720 2842 auctore
743 2777 973 2863 patrimonium
997 2777 1192 2844 conductum
1218 2778 1352 2846 redden·

160 2898 238 2964 dum
259 2895 369 2963 luisse.
418 2897 520 2963 lluius
545 2898 592 2964 rei
615 2907 722 2963 tamen
747 2916 907 2983 nusquam
932 2898 1153 2966 testimonium
1173 2900 1350 2967 invenitur.

161 3018 250 3085 Unus
272 3025 399 3082 tantum
423 3017 511 3084 loeus
535 3018 574 3083 ad
599 3037 732 3084 manum
756 3027 821 3095 est,
845 3018 930 3084 unde
953 3027 1085 3105 apparet
1104 3018 1182 3106 quid
1202 3040 1242 3086 ea
1262 3041 1350 3087 occa·

161 3140 250 3204 sione
281 3137 351 3204 lieri
379 3138 505 3205 soleret.
552 3139 780 3205 Demosthenes
793 3140 818 3226 6)
844 3139 967 3205 scilicet
989 3146 1102 3205 narrat
1124 3139 1275 3207 Antidori
1299 3162 1349 3229 pa·

160 3261 350 3325 trimonium
371 3281 390 3324 a
409 3259 572 3326 tutoribus
592 3260 732 3327 locatum
754 3261 905 3326 sexennio
925 3281 942 3326 e
963 3261 1066 3328 trihus
1084 3260 1216 3328 talentis
1226 3260 1348 3328 lactum

160 3400 230 3446 esse
261 3400 316 3446 sex
346 3380 556 3455 talentorum;
581 3380 686 3466 »quod
710 3390 852 3447 vestrum
876 3380 1008 3466 quidam
1031 3380 1220 3460 viderunt,’'
1241 3383 1346 3470 pergit

161 3510 284 3578 orator,
319 3520 414 3567 »nam
448 3500 631 3586 Theogenes
654 3499 867 3578 Probalisius,
891 3503 946 3587 qui
969 3502 1038 3569 eius
1062 3522 1130 3569 rem
1154 3501 1342 3577 familiarem

161 3620 375 3699 conduxerat,
400 3625 440 3686 in
465 3620 556 3687 loro
581 3623 624 3709 (ἐν
647 3631 685 3705 τῇ
705 3621 819 3710 ἀγορᾷ)
839 3620 922 3688 hano
942 3623 1111 3708 pecuniam
1130 3625 1343 3692 numeravit.”

164 3823 373 3838 Q*

198 3958 228 4026 1)
249 3957 353 4028 paon,
373 3955 388 4022 p
407 3957 451 4008 ro.

198 4047 228 4114 2)
247 4042 290 4098 off.
314 4042 431 4111 Platner,
455 4042 500 4098 der
524 4063 591 4118 proc.
622 4049 662 4114 lt,
692 4066 715 4118 p.
727 4048 781 4100 289
801 4055 827 4100 et
846 4046 922 4101 hleier
943 4045 996 4100 und
1012 4044 1126 4103 Schoem.
1146 4045 1192 4102 der
1210 4056 1259 4104 att.
1279 4065 1347 4122 proc.

163 4151 187 4203 p.
198 4136 252 4185 455
271 4141 298 4185 et
317 4131 334 4184 i.
353 4151 377 4206 p.
397 4153 421 4206 p.
432 4136 485 4187 475
505 4152 558 4208 sqq.

198 4224 229 4292 a)
250 4224 354 4293 poco,
374 4241 399 4275 n.
419 4226 448 4275 2.

199 4311 229 4380 r)
250 4329 274 4382 p.
285 4313 352 4377 183,
372 4329 397 4363 n.
418 4316 443 4363 3.

200 4401 229 4468 5)
250 4401 403 4470 p.1ar,n.
425 4404 449 4455 1.

199 4489 228 4557 6)
247 4505 268 4541 c.
289 4487 385 4561 Aphob.
408 4493 435 4558 1,
456 4509 478 4562 p.
491 4494 557 4559 832,
578 4493 592 4559 h
614 4495 657 4544 58.
