2842 5018
608 291 612 297 '
708 280 771 339 ilrss

142 459 1353 546 ciendieaccndicionesimatrinecessariapraeberent

142 582 192 649 ad
217 579 429 666 rictum¹).

188 699 344 769 lisdem
375 717 466 764 cum
495 698 561 763 sui
587 698 701 763 iuris
724 695 832 762 iacti
857 704 1257 783 essentpraoterea
1282 697 1350 763 ius

145 829 240 889 erat
262 819 418 886 matris
441 816 812 906 respondendam).

190 940 316 1007 Patre
350 947 510 1003 mortuo
541 935 630 1002 iiiii
659 937 808 1002 matris
839 935 954 1002 dotis
978 934 1137 1001 domini
1163 934 1353 1014 fiebant,

148 1078 238 1126 cam
271 1065 398 1125 mater
422 1058 464 1120 in
488 1054 686 1122 defuncti
709 1054 827 1121 domo
851 1064 1111 1131 remaneret;
1136 1055 1230 1121 tilii
1251 1075 1354 1122 vero

146 1177 399 1265 permittere
428 1173 639 1248 debebant
669 1182 838 1240 matrem
861 1174 1117 1260 participem
1140 1194 1239 1242 esse
1261 1194 1352 1242 suo·

149 1299 299 1385 rum³).
1206 1359 1210 1367 .

193 1417 323 1482 Matre
352 1423 512 1487 mortua
543 1413 654 1479 tiliis
685 1414 751 1480 sui
783 1412 895 1478 iuris
926 1410 1057 1479 iactis
1087 1413 1352 1481 obveniebat

152 1536 305 1602 matris
327 1532 451 1622 ἀνθ’).

194 1653 393 1721 Gravissima
426 1660 572 1738 superest
605 1670 657 1717 res
688 1670 771 1737 quae
803 1669 1002 1737 quamquam
1030 1653 1161 1738 saepius
1182 1650 1351 1738 disputata

152 1772 296 1839 nondum
325 1772 365 1836 ab
394 1770 483 1836 omni
511 1779 603 1856 parte
626 1769 792 1837 enucleata
815 1778 882 1847 est,
905 1772 1114 1852 πορονοίοο
1139 1770 1208 1837 scil.
1231 1772 1349 1836 actio

151 1912 232 1981 qua
264 1889 389 1958 iilius
418 1891 576 1977 contra:
599 1898 762 1976 patrem
786 1908 913 1975 agere
937 1892 1145 1977 potuerit.
1187 1885 1353 1956 'Veterum

150 2012 335 2080 testimonia
367 2009 427 2076 bac
455 2009 494 2075 de
524 2029 559 2076 re
579 2011 624 2076 ita
648 2018 947 2096 suot-comparata,
973 2017 1009 2075 ut
1031 2008 1183 2077 dubitare
1206 2029 1353 2096 nequea-

151 2153 243 2211 mus,
265 2131 346 2218 quin
368 2148 482 2196 revera
505 2130 683 2204 exstiterim
706 2138 807 2215 agunt
831 2129 936 2207 enim,
960 2130 1055 2215 quasi
1075 2133 1120 2196 sit
1144 2148 1198 2201 res
1222 2129 1355 2200 notissi-

153 2272 224 2330 ma,
248 2259 282 2316 at
305 2269 358 2316 res
381 2257 490 2316 tamen
512 2250 583 2336 ipsa
606 2250 691 2316 iacet
713 2251 746 2315 in
771 2249 925 2316 tenebris.

198 2368 467 2457 Aristophanes⁸)
503 2368 605 2439 fllium
637 2369 739 2455 patris
769 2369 930 2440 insaniam
962 2367 1095 2455 indigne
1121 2367 1285 2436 serentem
1309 2368 1354 2435 ita

157 2491 341 2578 loquentem
366 2487 507 2553 inducit:

292 2608 387 2688 οἴμοι,
409 2608 442 2672 c!
464 2606 564 2688 bociaco
588 2613 853 2691 παραφρονοῦντος
875 2611 930 2674 τοῦ
953 2609 1085 2691 acepta

291 2726 416 2808 obrepas
438 2725 669 2808 ποοροονοίοος
693 2727 817 2794 abeis
840 2729 1075 2807 εἰοοονονρὼν
1099 2724 1194 2805 ἕλω,

293 2847 311 2923 ἢ
334 2854 399 2918 τοῖς
422 2853 601 2926 σοροπηγοῖς
623 2846 680 2920 τὴν
701 2846 818 2925 peotes
841 2848 936 2912 οὐτοῦ
957 2845 1080 2929 φροὶοω.

202 2966 367 3033 Socratem
398 2965 454 3049 qul
486 2963 681 3030 accusabant
712 2963 923 3050 perhibebant
954 2962 1181 3051 philosophum
1210 2965 1354 3035 iuniores

157 3088 309 3154 incitasse
340 3091 378 3149 ut
409 3093 558 3170 parentes
589 3101 664 3148 suos
697 3083 909 3168 ignominiose
941 3083 1111 3161 baberent,
1144 3084 1316 3153 docentem
1328 3084 1353 3172 ⁸)

161 3207 273 3284 ἕέεῖνοοο
296 3202 467 3284 capessisse
490 3201 588 3267 ἕλοντο
612 3201 665 3268 τὸν
687 3202 812 3284 ποιοέρον
834 3203 937 3279 δῆσον.

205 3321 379 3393 Aeschines
391 3321 418 3407 ⁷)
451 3319 593 3387 eiusdem
627 3321 674 3386 rei
704 3323 892 3388 memoriam
916 3323 1055 3388 servarit
1080 3321 1209 3389 diceus:
1238 3339 1357 3408 ›popu‹

158 3443 211 3509 lus
242 3449 350 3508 auteur
382 3437 422 3503 ob
453 3458 490 3504 ee
517 3458 600 3523 quae
630 3438 819 3507 acciderunt
850 3442 957 3508 animo
981 3439 1123 3517 fractus,
1149 3443 1245 3528 quasi
1268 3441 1357 3509 senio

153 3611 379 3632 Μ

198 3731 229 3798 1)
248 3746 273 3802 p.
285 3729 336 3795 47,
357 3744 384 3780 u.
404 3731 429 3778 3.

197 3817 229 3887 2)
248 3817 316 3889 pr,
336 3833 362 3870 n.
383 3819 407 3867 1.

197 3907 229 3976 3)
248 3906 331 3977 Pn57·
352 3922 378 3961 fl·
399 3907 425 3962 ¹·

198 3995 228 4062 4)
249 4011 272 4063 p.
284 3994 333 4056 60,
353 4010 379 4044 n.
400 3993 425 4042 1.

198 4083 228 4150 ῦ)
247 4076 333 4133 Nubb.
359 4097 382 4132 v.
407 4081 461 4131 844
484 4095 554 4151 sqq.;
577 4076 770 4148 ineptissimum
791 4077 918 4131 scholium
938 4076 1059 4132 adhunc
1083 4078 1170 4133 locum
1193 4080 1292 4136 Suides
1310 4099 1362 4136 ser·

161 4168 243 4222 ravit:
263 4168 329 4235 πρὸς
354 4168 402 4216 τὸν
429 4165 540 4232 πατέρα
568 4164 715 4227 δνκάοοροαο
743 4165 790 4215 καὶ
817 4165 911 4224 δείξας
929 4165 1014 4216 αὐτὸν
1031 4165 1198 4231 μαινόμενον
1220 4170 1296 4222 οὕτω
1311 4170 1363 4235 τὴν

162 4258 263 4317 μανίαν
275 4254 377 4305 παύσω.

197 4340 227 4407 6)
246 4341 311 4393 Xen.
330 4340 358 4393 C.
377 4339 403 4389 S.
425 4341 452 4402 Ι,
473 4338 506 4403 2,
527 4339 571 4390 49.

197 4427 226 4495 7)
246 4444 267 4480 c.
288 4427 353 4479 Ctee.
374 4443 398 4497 p.
410 4425 459 4492 89,
480 4425 495 4492 §
516 4427 577 4480 251.
