2842 5018
696 285 736 346 73

113 483 259 554 promam
275 464 317 553 ¹):
346 466 390 555 (ἐν
423 468 465 548 τῷ
497 466 589 556 νόμῳ)
622 467 688 534 ἐσσί
722 465 792 550 otto
823 467 903 547 μηδὲ
930 467 995 550 νίίῃ
1017 463 1092 533 εἶναι
1116 467 1308 549 ἀγχιστείαν

113 586 186 665 μήθ’
209 589 292 668 ἱερῶν
310 587 382 665 μήθ’
402 586 489 653 ὁσίων
508 588 565 652 ἀπ’
585 588 754 654 Εὐκλείδου
768 585 927 670 ίίρχσνσσς.
976 583 1059 666 Quid
1079 584 1231 653 vocabula
1251 606 1306 654 ex·

113 713 216 772 trema
240 705 424 791 significent
444 726 518 772 mox
537 708 720 794 apparebit,
741 728 815 774 cum
838 705 971 775 Periclis
991 705 1030 772 de
1051 704 1181 772 civitate
1201 705 1304 792 legem

112 825 339 900 tractatione
374 846 459 892 nunc
492 834 618 892 tautum
642 826 816 893 videndum
843 825 882 893 dc
905 824 1011 894 verbis
1033 827 1105 905 μήθ’
1128 827 1211 907 ἱερῶν
1233 828 1304 906 μήθ’

111 946 208 1016 ὁσίων.
254 947 449 1026 Ἀνχνστείσ
480 946 671 1032 simpliciter
702 945 864 1032 significat
896 946 1222 1032 cognationem3
1257 947 1303 1013 sic

111 1085 204 1152 saepe
227 1073 373 1132 oratores
395 1064 508 1132 dicunt
531 1064 743 1132 hereditatem
767 1065 866 1132 alicui
889 1063 1040 1131 obvenire
1062 1067 1148 1132 ecch
1166 1067 1221 1141 cho
1239 1067 1304 1147 dy·

111 1186 312 1274 χνσσείων’);
344 1185 393 1251 lex
427 1186 528 1271 igitur
558 1186 752 1265 ἀγχιστείαν
776 1183 891 1270 *nothis
929 1182 1118 1251 abiudicans
1156 1185 1306 1254 omnibus

112 1306 312 1392 cognationis
339 1304 466 1370 iuribus
489 1325 543 1370 eos
567 1304 723 1383 exclusit,
750 1304 794 1371 ita
819 1312 855 1370 ut
879 1324 1058 1391 numquam
1083 1305 1237 1372 haherent
1260 1303 1305 1372 la·

111 1425 267 1506 cultatem
286 1426 320 1490 in
339 1425 443 1512 patris
465 1424 546 1490 hona
565 1430 662 1509 atque
683 1425 754 1489 iura
775 1422 979 1490 succedendi.
1015 1423 1306 1492 Hinchlantithcus

111 1544 152 1611 ad
182 1546 334 1611 Boeotum
348 1545 374 1633 3)
407 1544 503 1611 haec:
543 1563 630 1630 »quo
662 1551 805 1630 tempore
829 1554 920 1629 pater
944 1562 1037 1610 meus
1062 1550 1092 1609 te
1117 1563 1178 1609 non
1203 1544 1306 1611 adsci-

109 1674 218 1740 verat,
252 1684 355 1750 neque
389 1684 448 1750 ego
479 1672 510 1730 te
543 1663 584 1730 ad
614 1683 667 1730 me
690 1665 827 1731 attinere
850 1662 1022 1749 putabam;
1047 1682 1085 1729 ex
1108 1682 1172 1748 quo
1195 1671 1305 1730 autem

111 1785 258 1870 agnovit,
282 1792 315 1850 et
336 1804 395 1869 ego
418 1791 450 1849 te
474 1803 623 1868 agnosco.
672 1783 736 1848 Hoc
760 1781 845 1848 unde
869 1780 1027 1847 edicitur?
1053 1783 1306 1866 patrimonii

113 1908 275 1988 partem
307 1901 438 1968 hahes
467 1909 562 1987 post
592 1901 753 1967 obitum
777 1900 934 1985 patris,
959 1900 1001 1964 in
1025 1919 1242 1967 sacrorum
1267 1909 1308 1967 et

112 2017 388 2107 profanorum
419 2021 672 2087 societatem
706 2018 904 2084 venisti.'’
951 2016 1036 2085 Ecce
1066 2017 1121 2084 illa
1154 2018 1239 2104 ipsa,
1268 2017 1308 2085 de

111 2137 231 2225 quihus
262 2137 313 2204 lex
340 2146 448 2211 cavet;
479 2145 513 2204 ut
538 2139 610 2205 iura
633 2137 793 2215 humana,
819 2138 863 2204 ita
886 2157 1012 2223 quoque
1037 2138 1109 2203 iura
1133 2138 1242 2204 divina
1265 2136 1307 2204 ad

111 2256 325 2324 hereditatem
358 2258 522 2345 pertinent
530 2280 538 2333 ;
567 2258 619 2325 cui
642 2256 804 2325 hereditas
827 2257 972 2336 obvenit,
997 2259 1025 2322 is
1047 2277 1179 2344 prorsus
1200 2256 1306 2343 fungi·

110 2385 167 2442 tur
189 2376 333 2443 defuncti
359 2377 428 2443 vice
452 2385 485 2442 et
508 2375 593 2463 quod
617 2376 655 2442 ad
680 2376 762 2442 hona
786 2386 819 2444 et
840 2376 925 2464 quod
949 2376 989 2444 ad
1013 2397 1122 2453 sacra;
1145 2375 1307 2445 hereditas

111 2496 182 2562 sine
213 2498 315 2563 sacris
346 2495 434 2562 nulla
466 2505 528 2571 est;
562 2494 638 2562 hinc
669 2495 778 2562 Isaeus
807 2495 869 2562 alio
892 2496 1017 2585 loco⁴):
1044 2495 1219 2583 »equidem
1242 2516 1306 2563 uon

110 2625 189 2705 puto
220 2636 414 2703 quemquam
446 2615 566 2695 luisse,
595 2616 651 2702 qui
679 2617 814 2703 cupiens
845 2615 949 2683 filium
982 2616 1043 2682 sihi
1075 2615 1228 2704 adoptare
1261 2616 1307 2683 ita

111 2735 293 2802 inconsulto
316 2743 443 2822 ageret,
468 2744 505 2802 ut
528 2735 607 2802 alios
630 2734 677 2801 illi
700 2736 789 2804 actui
808 2743 907 2803 testes
927 2733 1097 2802 advocaret
1117 2755 1214 2821 quam
1235 2736 1306 2804 illos

110 2856 215 2943 ipsos,
238 2855 357 2943 quihus
376 2876 434 2923 suo
456 2856 559 2943 ipsius
580 2856 648 2922 loco
668 2856 842 2923 relicturus
862 2863 946 2923 esset
966 2855 1067 2921 filium
1089 2875 1305 2924 sacrorum

111 2975 475 3063 profanorumque
505 2977 700 3043 socium.”
748 2974 834 3056 Quos
857 2975 967 3040 isaeus
991 2972 1022 3039 h.
1046 2972 1067 3038 l.
1094 2973 1216 3041 indicat
1240 2977 1306 3043 iam

112 3097 248 3186 autea⁵)
271 3097 467 3176 nominavit,
494 3096 563 3162 scil.
590 3095 788 3163 necessarios
812 3093 987 3160 familiares
1010 3091 1179 3179 phrateras
1201 3093 1306 3161 demo·

111 3225 174 3283 tas.
220 3218 323 3286 honus
357 3227 466 3286 autem
497 3218 580 3285 isaei
603 3217 679 3283 huic
703 3217 850 3304 proxime
874 3213 1068 3302 praecedens
1093 3216 1124 3303 (§
1148 3214 1181 3302 7)
1206 3216 1305 3282 etiam

148 3467 180 3535 1)
206 3465 240 3519 de
267 3465 334 3520 Phil
362 3464 415 3523 lter.
442 3485 466 3539 p.
479 3469 530 3533 61,
550 3468 565 3536 ᾗ
586 3468 630 3520 47,
668 3469 700 3518 ln
717 3474 782 3518 orat.
800 3463 857 3519 adv.
878 3468 981 3520 hasart.
1002 3466 1161 3536 [Democrit]
1183 3487 1205 3539 p.
1217 3470 1305 3535 106⁷,

110 3555 182 3623 §52
209 3554 264 3628 ipsa
293 3553 356 3628 legis
385 3552 500 3609 formula
526 3553 559 3608 de
585 3554 643 3609 iure
662 3552 817 3607 hereditario
836 3552 869 3606 ah
888 3553 1012 3608 intestato
1032 3555 1173 3621 recitatur,
1191 3555 1235 3608 cui
1255 3554 1305 3610 oub

110 3639 194 3695 finem
213 3640 275 3696 haec
294 3641 384 3697 cadem
404 3642 495 3697 addita
514 3651 585 3695 sunt.

148 3732 179 3801 2)
198 3733 231 3784 Is.
250 3729 282 3786 de
301 3731 386 3787 Cleon.
407 3731 460 3785 her.
480 3751 504 3804 p.
515 3735 567 3797 35,
588 3731 603 3799 d
623 3732 656 3796 d,
676 3729 709 3783 de
727 3728 812 3802 Apoll.
832 3728 884 3783 her.
906 3749 928 3802 p.
940 3733 988 3784 65.
1006 3730 1021 3798 ᾗ
1041 3733 1091 3796 20,
1112 3748 1136 3802 p.
1148 3732 1199 3797 68,
1219 3732 1235 3798 §
1256 3734 1304 3797 tt,

112 3816 272 3890 [Demosth]
291 3820 349 3875 adv.
371 3824 474 3875 diacum.
495 3839 518 3893 p.
529 3823 615 3884 1051,
636 3821 651 3887 §
671 3822 688 3870 3
707 3828 734 3872 et
754 3839 777 3892 p.
788 3822 873 3885 1058,
891 3820 905 3886 §
926 3822 971 3872 27.

147 3912 178 3980 3)
198 3909 329 3963 Demosth.
349 3908 406 3964 adv.
426 3912 512 3962 Boeot.
532 3927 555 3979 p.
567 3911 655 3974 1005,
677 3909 692 3975 §
713 3911 762 3974 35,
782 3907 799 3961 i.
815 3927 840 3978 p.
861 3905 922 3960 haec
942 3905 1078 3960 vocabula:
1102 3903 1157 3952 τῶν
1172 3902 1305 3972 πατρῴων

110 3994 186 4063 ἔχωνς
202 3995 284 4065 μέρος
301 3996 374 4059 μετὰ
390 3998 442 4062 τὴν
458 3994 564 4061 πατρὸς
583 3993 734 4060 τελευτήν·
753 3994 849 4063 ἱερῶν,
869 3993 947 4046 ὁσίων
965 3992 1102 4060 μεσίχινς.

148 4083 178 4151 d)
198 4079 232 4135 de
250 4080 359 4155 Astyph.
380 4078 433 4134 lter.
452 4081 539 4152 pto,
559 4079 635 4146 §13,
653 4077 681 4131 in
699 4077 812 4152 quibus,
832 4076 881 4131 nisi
900 4090 1027 4135 oratorem
1043 4077 1156 4150 ineptire
1167 4075 1304 4146 malimus,

110 4167 347 4242 obtemperandum
377 4177 416 4222 est
439 4165 567 4232 Debreeo,
586 4168 631 4241 qui
652 4167 776 4222 vocabulo
795 4165 897 4235 οὕσπερ
917 4171 965 4218 καί
983 4167 1064 4235 ἱερῶν
1082 4167 1131 4216 καί
1151 4164 1230 4215 ὁσίων
1248 4184 1307 4215 κοι-

109 4256 211 4315 νωνούς
228 4257 277 4312 hoc
296 4257 371 4312 modo
390 4255 525 4312 emendat:
545 4246 642 4322 νίσνσερ
660 4255 708 4304 καί
726 4253 807 4322 ἱερῶν
826 4254 874 4302 καὶ
887 4254 966 4307 ὁσίων
983 4254 1113 4309 κοινωνόν.
1149 4253 1306 4310 Schoeman-

109 4365 177 4400 num
203 4344 231 4400 in
250 4346 357 4402 eandem
377 4345 585 4404 emendationem
606 4341 724 4398 incidisse
744 4342 816 4397 video
835 4343 1038 4418 Scheihiumque
1057 4344 1179 4417 recepisse
1198 4343 1303 4416 gaudeo.

149 4439 180 4508 5)
199 4435 239 4491 Ι.Ι.
259 4438 274 4505 §
295 4441 319 4492 8.

1106 4525 1142 4573 10
