2842 5018
721 273 784 335 114

208 457 274 524 itoo
297 455 393 538 κύριον
415 453 577 534 γίγνεσθαι
604 459 660 530 τῆς
680 454 786 527 orator
810 452 985 523 Aeschines
998 455 1023 543 ¹)
1047 456 1077 522 ei
1100 455 1270 543 coniungit
1292 458 1355 535 rei,

163 580 198 644 iu
221 595 285 663 qua
306 595 365 641 nos
386 593 474 640 nuuc
496 591 676 641 versamur.
726 572 890 640 Timarchi
912 572 983 643 scil.
1009 582 1102 661 pater
1124 574 1273 643 Arizelus
1292 575 1356 643 ira·

164 699 225 764 tris
256 697 307 762 sui
338 693 485 780 Arignoti
509 710 585 779 opes
606 699 793 768 curaverat,
814 700 936 759 certam
961 694 991 759 ei
1016 713 1143 780 quoquc
1166 696 1358 781 pecuniam,

164 835 262 903 quam
286 815 316 881 ei
338 813 380 880 ad
403 814 526 879 victum
547 809 744 887 destinarat,
778 811 957 896 pensitans.
1004 812 1087 880 Huic
1111 813 1269 899 Arignoto
1293 816 1359 900 pri·

167 937 230 1002 mis
252 932 452 1020 temporibus
475 940 546 1018 post
569 930 688 997 drizeli
710 938 866 1009 mortem,
889 930 967 998 dum
990 932 1184 1001 Timarchus
1204 952 1288 1020 puer
1305 935 1357 1002 ad·

132 1088 134 1092 ⁴
167 1055 232 1122 huc
274 1060 363 1130 erat,
405 1051 445 1118 ab
482 1051 581 1117 huius
614 1049 778 1116 tutoribus
812 1050 920 1116 omnia
957 1070 1060 1137 aequa
1094 1053 1358 1139 praestabantur;

167 1183 391 1261 postquam
428 1168 527 1237 vero
564 1168 822 1236 Timarchus
856 1171 898 1235 iu
933 1169 1094 1238 librum
1128 1171 1357 1241 iexiarchi·

169 1312 263 1360 cum
288 1292 531 1379 inscriptus
552 1296 617 1356 est
637 1298 768 1375 atque
789 1308 894 1356 suae
917 1291 980 1357 rei
1003 1290 1196 1359 dominus
1218 1293 1358 1363 iactus

169 1413 298 1496 est²),
330 1409 460 1497 repulso
490 1408 618 1474 homine
650 1428 726 1474 sene
756 1417 788 1475 ot
822 1409 1007 1476 calamitoso
1037 1428 1140 1498 eoque
1163 1419 1281 1498 patruo
1304 1433 1360 1481 suo

170 1530 340 1598 facultates
371 1530 439 1614 ipse
468 1526 661 1614 disperdidit
690 1547 766 1594 suas
797 1535 830 1595 et
860 1526 901 1595 ad
931 1529 1054 1596 rictum
1083 1533 1267 1599 necessaria
1290 1541 1359 1600 tum

170 1651 326 1736 Arignoto
347 1668 410 1715 uon
433 1646 661 1734 suppeditavit.
708 1646 798 1714 idem
821 1655 928 1715 orator
942 1647 971 1736 ³).
991 1649 1070 1715 satis
1088 1649 1214 1716 iudicat
1234 1671 1288 1718 eos
1307 1652 1361 1720 de·

170 1790 262 1837 mum
286 1771 320 1835 in
344 1769 416 1835 iure
431 1780 531 1852 <agere
554 1773 651 1852 atque
675 1767 709 1831 io
735 1767 785 1832 ius
808 1767 915 1836 vocari
939 1761 1099 1853 potuisse,
1130 1771 1188 1855 qui
1212 1771 1359 1858 inscripti

172 1898 280 1956 essent
311 1887 429 1954 tabuiis
460 1886 679 1953 lexiarchicis:
705 1905 801 1952 auam
823 1884 1025 1971 legislator‚”
1047 1888 1172 1974 inquit,
1198 1889 1360 1958 »noudum

170 2009 315 2096 loquitur
338 2026 414 2074 cum
438 2025 555 2092 puero,
581 2005 639 2073 sed
661 2025 738 2072 oum
761 2006 854 2092 pueri
876 2007 1067 2074 necessariis
1091 2016 1182 2095 patre
1204 2008 1362 2077 iratribus

171 2135 278 2195 tutore
309 2126 476 2212 magistris
506 2125 645 2211 denique
668 2127 728 2201 iis,
751 2125 784 2190 iu
809 2144 946 2210 quorum
970 2134 1127 2212 potestate
1149 2129 1177 2194 is
1200 2136 1266 2205 θείς
1290 2129 1362 2198 ubi

171 2256 311 2315 autem
335 2247 376 2312 iu
398 2243 566 2311 tabutas
589 2243 881 2312 laxiarchicas
905 2248 1145 2333 inscriptus
1164 2257 1229 2314 est
1247 2255 1291 2316 ct
1308 2247 1361 2316 le·

172 2387 243 2453 ges
272 2365 476 2432 civitatis
507 2363 666 2430 didicit
694 2384 740 2432 ac
767 2368 962 2451 cognovit
989 2374 1029 2432 ot
1053 2367 1131 2432 iam
1156 2368 1275 2434 iuter
1297 2366 1361 2436 iro·

172 2494 292 2554 nesta
310 2493 351 2551 et
371 2484 516 2570 turpia
537 2483 794 2552 discernere
813 2483 946 2562 valet,
967 2501 1045 2550 non
1066 2486 1142 2553 iam
1162 2487 1254 2572 agit
1272 2507 1362 2555 cum

171 2605 291 2682 aliis,
322 2603 394 2671 sed
418 2623 510 2673 cum
535 2604 546 2668 i
554 2604 663 2689 psc.”
708 2603 799 2671 Idem
822 2611 920 2690 atque
942 2604 1145 2672 taxiarchicis
1168 2606 1289 2674 tabulis
1311 2606 1363 2673 iu-

172 2726 272 2794 scribi
296 2722 602 2790 notant-locutiones
621 2724 820 2807 ἐγγραφῆναι
840 2726 883 2798 εἷς
903 2724 973 2798 τοὺς
994 2723 1133 2802 δημότας
1145 2725 1172 2814 ⁴)
1193 2734 1225 2793 et
1243 2728 1364 2808 ι’γγριι·

171 2852 270 2930 φῆνιιι
301 2845 344 2918 εἷς
368 2842 478 2925 dudm
491 2841 532 2929 ³);
559 2842 751 2928 simpliciter·
773 2844 973 2926 ἐγγραφῆναι
995 2861 1123 2929 quoque
1144 2845 1364 2934 invenitur⁸).

171 2963 547 3053 lieniquelapcurgus⁷t
571 2969 743 3048 utramque
765 2961 958 3030 locutionem
983 2963 1017 3029 ri
1039 2966 1242 3048 ἐγγραφῆναι
1262 2969 1365 3042 εἰς-τὸ

174 3083 375 3168 ληξιαρχικὸν
393 3089 613 3165 γριιμρνιιτεῖνν
637 3090 669 3148 et
690 3083 727 3148 cd
748 3082 886 3165 ἐφήβους
909 3082 1052 3161 γινένθινι
1073 3085 1259 3171 coniungit,
1278 3087 1365 3173 quod

175 3205 350 3273 Aeschines
361 3203 388 3292 ⁸)
410 3221 538 3288 quoque
562 3200 690 3268 videtur
709 3202 905 3287 respexisse,
925 3223 1001 3271 cum
1020 3203 1216 3272 locutionem
1236 3208 1272 3273 ἐκ
1290 3208 1365 3276 arat·

179 3398 383 3420 *-
449 3389 454 3398 '

210 3543 241 3609 1)
259 3535 348 3592 dasch.
368 3552 390 3589 c.
410 3531 477 3586 Tim.
497 3535 581 3606 pit,
601 3534 615 3602 §
635 3535 697 3585 103.

211 3632 242 3700 2)
271 3624 371 3688 ἐπειδὴ
398 3620 426 3672 δ’
447 3620 581 3688 ἐνεγράφη
599 3620 741 3686 Τίμαρχος
757 3617 853 3668 οὑτοσὶ
871 3619 913 3676 εἰς
929 3619 961 3668 τὸ
980 3617 1156 3687 ληξιαρχικὸν
1172 3632 1365 3689 γραμματρςη

176 3719 224 3769 sci
239 3715 329 3782 ιιένρννς
347 3710 457 3776 ἐγένετο
473 3713 524 3774 τῆς
537 3708 640 3766 οὐσίας.

210 3804 240 3871 3)
260 3796 347 3853 Aesch.
368 3795 385 3847 1.
405 3793 528 3865 t.p.13‚
549 3793 563 3859 6
584 3795 628 3844 18.

210 3893 240 3959 t)
259 3881 417 3957 [cenicum]
442 3879 499 3935 adr.
530 3877 627 3936 Eubul.
648 3899 671 3953 p.
684 3881 769 3946 1313,
790 3880 804 3947 6
825 3881 873 3946 16,
892 3876 980 3932 Aescu
999 3877 1031 3930 de
1052 3882 1080 3932 F.
1100 3882 1126 3932 L.
1146 3885 1235 3953 pta,
1257 3885 1272 3953 ᾗ
1291 3887 1361 3955 150,

172 3974 303 4031 Demosth.
321 3991 343 4025 c.
358 3975 442 4024 Boeot.
462 3966 566 4022 Passim.

209 4069 239 4130 5)
259 4057 388 4115 Deurosth.
405 4059 438 4111 de
457 4060 485 4110 F.
504 4059 531 4108 t.
551 4073 576 4127 p.
588 4056 657 4121 112,
678 4054 692 4121 d
712 4055 774 4106 230.

210 4156 239 4222 6)
260 4154 352 4223 Hyper.
375 4144 444 4218 opud
468 4148 587 4216 Harpocr.
613 4160 637 4195 r.
662 4140 709 4190 irat
728 4140 820 4201 διιτές
836 4141 946 4208 ἡβῆσαι,
984 4148 1042 4200 nuc
1059 4142 1167 4199 sams„
1181 4164 1287 4222 quoque
1303 4165 1365 4222 spe,

170 4250 227 4297 ctat
246 4239 287 4294 ιές
303 4235 367 4292 τούς
384 4235 502 4299 ἐφήβους
519 4232 688 4298 ἐγγραφῆναι
697 4230 725 4284 in
734 4230 829 4286 incerti
839 4231 951 4286 ausoris
961 4230 1072 4289 dtiocho
1083 4231 1177 4304 [Phth]
1186 4239 1220 4304 5,
1230 4255 1256 4309 p.
1266 4239 1363 4294 86613,

209 4333 238 4398 7)
256 4347 278 4382 c.
298 4331 381 4379 Leocr.
401 4345 426 4398 p.
441 4324 506 4390 157,
526 4323 540 4390 6
561 4324 604 4376 76.

208 4423 237 4490 8]
255 4417 287 4473 de
306 4419 334 4471 F.
353 4418 381 4469 L.
400 4434 426 4487 p.
435 4415 485 4481 5⁰,
503 4412 517 4479 §
537 4410 604 4478 167,
625 4407 690 4465 τοὺς
707 4407 878 4471 συνεφήβους
894 4406 1036 4479 μάρτυρας
1049 4407 1211 4478 crepitans.
