2842 5018
674 288 693 349 9

78 471 148 538 suis
168 470 362 547 statuendis,
383 477 419 536 ut
439 469 663 557 impediamur,
683 470 857 556 quominus
876 470 946 535 cius
964 469 1123 534 institutis
1135 474 1267 534 utamur

77 590 118 657 ad
148 591 231 658 iuris
261 591 352 656 attici
382 590 560 658 doctrinam
591 591 861 677 cognoscendam
886 609 948 656 non
973 588 1104 676 quidem
1127 587 1269 675 neglexit

77 712 200 798 patrias
223 710 326 796 leges,
354 730 435 798 quac
459 711 520 777 sibi
544 711 645 778 honae
669 719 701 778 et
724 731 845 797 aequae
869 709 1060 777 ridebantur
1081 729 1169 786 csse.
1193 708 1267 785 scd,

77 831 133 897 uhi
158 831 267 898 miuus
290 851 346 897 eas
369 830 540 918 probabat,
564 832 695 916 ingenio
717 831 864 897 indulsit.

123 952 272 1019 Fratrem
294 957 422 1018 tantum
446 950 557 1018 eadem
583 960 685 1019 matre
707 960 819 1017 natum
843 951 897 1016 rix
920 949 1009 1016 cradi
1030 968 1122 1036 posse
1146 951 1198 1015 ius
1218 969 1268 1016 so·

76 1072 162 1138 roris
192 1070 437 1158 despondendae
467 1068 618 1138 habuisse
649 1058 728 1137 dixi.
776 1070 867 1151 Quod
895 1069 988 1137 facile
1009 1069 1267 1143 demonstratur:

77 1191 144 1257 lilia
165 1193 275 1270 enim,
299 1193 394 1258 cuius
418 1199 522 1258 mater
544 1190 594 1257 his
618 1200 771 1278 nupserat
795 1191 932 1276 cogitari
951 1199 1055 1277 potest
1074 1197 1132 1256 aut
1150 1187 1270 1257 habere

77 1310 196 1378 fratres
226 1312 341 1379 iisdem
364 1311 554 1398 parentibus
577 1319 671 1377 natos
694 1319 750 1376 aut
775 1330 838 1375 non
861 1309 990 1378 habere.
1038 1310 1186 1377 Fratrem
1210 1327 1269 1375 au·

80 1441 144 1499 tem
175 1401 335 1498 eiusmodi
366 1433 393 1498 si
429 1431 544 1509 habet,
578 1430 630 1496 hic
661 1440 734 1518 post
765 1440 889 1517 patrem
922 1433 954 1496 in
978 1429 1076 1496 liuius
1098 1431 1170 1496 iura
1194 1447 1270 1495 suc·

77 1552 184 1629 cedit,
226 1552 343 1638 quibus
378 1554 430 1619 ius
464 1553 583 1618 sororis
619 1551 862 1639 despondendae
897 1550 1133 1618 accensendum
1168 1548 1271 1616 luisse

77 1673 227 1740 vidimus.
276 1672 331 1739 Sin
356 1693 431 1740 vero
456 1671 635 1738 nonhabet
656 1672 790 1738 lratrem
811 1671 921 1738 eodem
941 1680 1032 1757 patre
1052 1679 1184 1748 natum,
1204 1670 1270 1756 epi·

77 1792 184 1859 clerus
208 1802 270 1865 est;
294 1791 392 1858 huius
422 1800 532 1858 autem
557 1792 673 1872 κύριος,
699 1799 736 1856 ut
760 1811 833 1857 mox
856 1790 1054 1867 videbimus,
1078 1799 1129 1857 cst
1151 1808 1270 1874 genere

77 1912 246 1997 proximus
278 1931 296 1974 a
321 1921 410 1995 parta
435 1912 554 1995 patris,
578 1930 758 1994 numquam
782 1929 858 1975 vero
881 1909 982 1975 irater
1004 1909 1116 1976 cadem
1140 1916 1267 1974 tantum

78 2036 184 2095 matre
214 2036 331 2107 natus,
362 2028 426 2094 nisi
457 2027 540 2093 forte
569 2028 623 2094 hic
647 2027 731 2094 idam
756 2029 800 2093 sit
823 2036 920 2114 atque
944 2047 1060 2114 genera
1084 2029 1269 2116 proximus,

77 2147 163 2235 qnod
195 2156 322 2215 tantum
356 2154 425 2214 tum
450 2146 520 2214 lieri
544 2155 669 2235 potest,
694 2167 770 2214 cnm
794 2156 897 2215 mater
921 2151 1074 2216 continuo
1097 2147 1181 2216 binis
1204 2147 1268 2216 ira·

79 2267 184 2335 trihus
206 2268 328 2354 nupsit.

121 2387 218 2454 Aliud
257 2390 292 2454 in
327 2388 418 2454 Isaeo
438 2388 463 2476 ¹)
494 2396 621 2455 exstare
649 2387 778 2454 videtur
809 2389 991 2475 exemplum
1025 2389 1137 2455 fratris
1169 2391 1270 2455 uteri·

77 2527 152 2575 nam
176 2527 320 2574 sororem
345 2507 584 2594 despondentis.
633 2507 842 2594 Apollodorus
865 2529 1008 2577 sororem
1030 2511 1193 2576 uterinam
1210 2509 1269 2576 La·

77 2627 193 2695 cratidi
229 2626 286 2694 dat
319 2647 377 2714 per
409 2637 651 2695 testamentum.
709 2629 751 2695 At
786 2629 909 2716 species
942 2629 1041 2708 lallit,
1077 2648 1181 2716 ncquc
1215 2629 1269 2697 hic

77 2747 166 2815 locus
199 2749 264 2814 iuri
295 2750 394 2814 attico
425 2747 616 2816 adversatur
646 2746 806 2835 sponsalia
833 2751 977 2836 primum
1001 2751 1086 2835 patri
1108 2757 1179 2817 tum
1202 2749 1269 2817 lra-

77 2867 183 2934 tribus
214 2867 421 2945 concedenti,
453 2886 633 2954 numquam
663 2887 740 2933 nero
770 2867 865 2933 lratri
899 2869 1045 2942 uterino;
1077 2887 1152 2933 nam
1184 2871 1270 2955 cogi·

79 2987 213 3055 tandum
247 2994 297 3054 est
331 2987 371 3054 de
403 2986 584 3074 adoptione.
631 2986 841 3073 Apollodorus
873 2987 961 3051 euim
993 2985 1198 3072 prolecturus
1228 2987 1270 3054 ad

77 3107 275 3174 corinthium
310 3107 428 3174 bellum
458 3127 600 3174 sororem
622 3107 774 3174 heredem
799 3108 930 3193 scripsit
953 3118 986 3173 et
1010 3125 1085 3173 cum
1108 3108 1177 3173 suis
1199 3109 1270 3195 opi-

78 3227 139 3294 hus
169 3228 331 3296 Lacratidi
363 3229 516 3306 eleuarit,
553 3231 581 3294 si
613 3230 683 3316 ipsc
714 3230 748 3295 in
780 3227 860 3295 hello
893 3228 1026 3296 adversa
1062 3248 1139 3296 usus
1168 3227 1270 3298 luerit

76 3347 217 3416 fortuna.
266 3349 381 3416 Salvus
405 3352 492 3416 'vero
523 3349 625 3416 redux
658 3350 717 3416 lroc
750 3359 981 3416 testamentum
1013 3350 1144 3418 irritum
1175 3350 1269 3425 fecit;

77 3487 152 3536 nam
184 3489 293 3536 sorore
325 3471 462 3536 oratoris
495 3471 579 3556 patri
614 3470 771 3549 nubente,
804 3471 857 3535 cui
887 3469 1096 3556 Apollodorus
1119 3491 1190 3538 eam
1214 3470 1268 3536 dc·

76 3588 243 3675 spondissc
266 3609 327 3654 non
353 3589 492 3664 dicitur,
519 3591 585 3676 ipse
610 3589 699 3656 ducit
722 3609 869 3666 uxorem,
895 3610 976 3673 qnae
1000 3592 1028 3656 ei
1050 3589 1151 3655 lilium
1172 3591 1266 3676 parit.

76 3707 163 3774 Haec
194 3709 302 3774 omnia
333 3716 405 3794 post
435 3709 627 3775 carinthiam
658 3706 891 3794 expeditionem
915 3708 1000 3775 lacta
1023 3729 1093 3776 esse
1116 3709 1191 3775 inde
1214 3729 1268 3796 ap-

75 3833 185 3910 paret,
219 3827 305 3911 quod
339 3827 546 3914 Apollodoro,
580 3828 608 3892 si
631 3828 692 3912 ipsi
716 3848 753 3893 eo
776 3835 920 3913 ternpore
945 3829 1008 3893 iam
1035 3835 1130 3894 natus
1153 3827 1269 3894 luisset

76 3942 181 4024 lilius,
214 3966 276 4012 non
311 3945 455 4012 licuisset
487 3966 545 4034 per
577 3953 805 4013 testamentum
840 3966 916 4033 opes
946 3948 1047 4013 sorori
1071 3946 1265 4034 relinquere.

74 4063 158 4130 Filio
195 4065 311 4133 deinde
343 4075 470 4133 mortuo
501 4067 672 4154 pristinam
708 4086 785 4152 erga
820 4087 962 4133 sororem
999 4068 1195 4136 voluntatem
1221 4089 1269 4135 re·

74 4187 202 4252 vocarit
233 4187 394 4273 huiusque
430 4186 531 4252 lilium
564 4195 709 4252 extremo
742 4187 827 4251 vitae
862 4179 1005 4273 [empore
1041 4189 1202 4276 adoptavit
1237 4195 1269 4254 et

113 4440 143 4507 1)
164 4438 195 4493 de
216 4439 300 4512 Apoll.
320 4439 373 4494 lter.
396 4461 418 4513 p.
431 4444 482 4509 ut,
503 4441 517 4506 d
539 4442 564 4492 9.
