2842 5018
697 263 739 326 56

122 447 199 514 dum
232 448 271 514 de
302 449 373 514 iure
403 448 502 514 attico
531 449 599 532 agit
630 457 662 512 et
694 448 849 532 explicat,
880 467 961 532 quac
985 447 1195 532 explicatione
1219 453 1313 534 egere

122 589 184 634 non
209 555 370 634 uidentur.
420 569 485 633 Hoc
514 587 591 633 vero
615 567 693 633 nihil
719 567 757 634 ad
784 586 863 634 rem.
911 569 982 653 lpse
1005 575 1098 654 poeta
1123 569 1202 633 satis
1227 569 1317 634 lucu·

120 688 204 754 lente
237 688 327 754 nohis
358 688 581 754 demonstrare
604 687 732 753 videtur
756 687 891 753 Athenis
915 687 1062 753 mulieris
1087 688 1119 752 in
1144 689 1196 753 ius
1221 709 1314 755 voca·

122 810 240 876 tionem
264 809 314 874 his
337 808 442 875 verbis
463 808 531 874 lieri
553 807 678 872 solitam
699 806 812 873 fnisse:
836 811 852 883 ἡ
873 809 957 873 δεῖνα
976 808 1028 874 καὶ
1044 809 1057 873 ὃ
1071 806 1179 889 κόρας.
1215 809 1315 875 Nemo

121 948 159 994 ex
191 938 302 1014 poetae
335 929 498 994 vocabulis
531 928 589 994 hoo
622 948 683 993 non
719 927 848 994 efficiet.
894 926 981 992 ldem
1014 939 1122 993 tamen
1156 928 1313 994 scholium

121 1048 264 1114 nondum
285 1069 302 1115 e
324 1048 474 1114 manibus
496 1048 676 1126 dimittam,
700 1067 774 1113 cnm
796 1047 981 1113 huiusmodi
1005 1048 1038 1111 in
1063 1049 1114 1113 ins
1138 1051 1316 1114 vocationis

121 1169 303 1255 exemplum
339 1169 400 1235 tale
433 1167 571 1233 addatur
602 1168 696 1254 quale
725 1187 903 1254 numquam
937 1167 1058 1233 sactum
1092 1187 1162 1233 csse
1189 1188 1313 1234 censeo.

120 1288 312 1375 Exemplum
337 1289 415 1354 illud
440 1297 507 1354 est:
530 1288 694 1354 Ἀσπασία
718 1288 771 1352 καὶ
795 1286 903 1369 κύριος.
952 1288 1118 1374 Aspasiam
1140 1288 1180 1352 ab
1204 1289 1316 1355 Herm·

120 1410 195 1494 ippo
219 1416 403 1474 accusatam
429 1406 590 1473 defensam
616 1427 684 1473 esse
709 1427 726 1472 a
751 1408 873 1488 Pericle
898 1409 1083 1495 consum),
1106 1408 1160 1473 sed
1183 1428 1257 1474 curn
1279 1429 1318 1475 ex

120 1529 223 1614 ipsius
252 1528 384 1594 Periclis
407 1527 476 1612 lege
501 1528 637 1593 vetitum
662 1536 747 1592 esset
773 1528 1015 1592 matrimonium
1041 1547 1114 1593 oum
1141 1531 1314 1614 peregrina

119 1647 287 1724 contrahi,
314 1667 425 1713 vereor
449 1667 488 1712 ne
513 1647 652 1712 Pericles
676 1666 739 1711 non
765 1656 801 1713 ut
821 1648 972 1734 Aspasiae
993 1647 1090 1728 κύριος
1112 1647 1168 1713 scd
1188 1659 1225 1716 ut
1245 1651 1315 1716 eius

117 1777 274 1855 patronus
304 1769 416 1854 egerit.
465 1766 705 1832 Eiusdemmodi
739 1767 816 1853 qnid
850 1767 889 1833 dc
922 1767 1083 1856 Hyperide
1114 1769 1314 1835 censendum

118 1896 182 1967 cst,
206 1888 262 1975 qui
287 1908 348 1953 non
372 1889 513 1953 oratoria
539 1895 664 1953 tantum
689 1896 758 1954 arte
783 1887 957 1953 sedetiam
979 1888 1189 1956 mulierculae
1209 1890 1313 1956 forma

117 2010 272 2094 permotis
296 2008 457 2074 iudicibus
480 2008 630 2096 Phrynen
656 2009 773 2094 capitis
797 2006 939 2093 periculo
962 2007 1111 2074 liberavit
1124 2009 1164 2097 ²).

164 2129 200 2194 In
226 2129 299 2193 iure
321 2131 422 2214 igitur
443 2132 581 2195 maritus
605 2132 716 2195 uxoris
739 2150 908 2215 personam
933 2130 1096 2196 sustinens
1121 2131 1192 2196 cius
1216 2132 1315 2213 κύριος

118 2256 177 2314 cst.
226 2249 294 2336 Non
325 2250 426 2315 multa
459 2258 623 2337 practerea
658 2253 729 2315 iura
761 2252 844 2315 iuter
876 2251 1028 2336 coniuges
1061 2254 1230 2325 novimum
1261 2253 1315 2318 vix

117 2374 204 2434 enim
237 2389 317 2454 opu-s
348 2389 419 2434 esse
448 2369 577 2435 videtur
607 2369 712 2434 dicere
745 2369 880 2435 Athenis
906 2369 989 2435 idem
1017 2370 1154 2436 valuisse
1179 2371 1315 2437 institu-

118 2497 207 2568 tum,
231 2487 317 2574 quod
339 2489 373 2553 in
394 2489 531 2555 excultis
551 2490 736 2555 civitatibus
756 2490 905 2555 omnihus
926 2490 1024 2564 valet;
1044 2492 1167 2556 victum
1189 2491 1316 2558 scilicet

118 2610 271 2674 maritum
305 2613 397 2674 uxori
432 2620 597 2696 praestare
621 2620 777 2695 oportere.
826 2611 891 2676 lloc
918 2621 1023 2678 tanmn
1049 2613 1236 2677 institutum
1262 2631 1315 2678 ar·

118 2730 261 2796 ctissime
295 2728 444 2795 cohaeret
470 2749 545 2795 curn
568 2750 604 2795 ca
629 2729 720 2815 lege,
744 2750 807 2816 qua
831 2731 859 2794 is
884 2732 939 2816 qui
964 2731 1037 2797 dote
1062 2740 1191 2818 accepta
1215 2751 1315 2817 spon-

117 2869 185 2914 sam
208 2868 270 2914 non
290 2847 436 2915 duxisset
456 2849 628 2916 iubebatur
650 2849 756 2915 dotem
779 2849 894 2915 dehere
914 2870 988 2915 cnm
1012 2871 1124 2916 novem
1145 2849 1313 2918 obolorum

118 2989 227 3036 usura.
276 2969 342 3036 lloo
375 2978 507 3057 excepto
540 2970 662 3036 nullum
698 2972 887 3036 institutum
918 2971 957 3036 dc
985 2971 1111 3036 iuribus
1134 2972 1311 3058 coniugum

115 3093 202 3156 inter
234 3109 303 3155 sose
327 3089 396 3176 lege
420 3089 590 3155 definitum
614 3089 714 3155 inisse
737 3089 875 3155 videtur.
924 3091 987 3156 lies
1011 3090 1155 3176 loquitur
1180 3094 1249 3178 ipsa
1275 3113 1312 3159 ea

116 3210 220 3294 magis
253 3215 369 3273 natura
402 3228 498 3293 quam
532 3208 600 3294 lege
631 3209 795 3275 constitui.
844 3209 878 3274 Si
906 3194 1016 3275 lamen
1052 3211 1178 3277 Cratini
1203 3210 1311 3278 fabula

115 3349 197 3416 quae
228 3327 342 3402 monlon
375 3328 532 3414 inscripta
564 3338 612 3394 cst
646 3329 685 3393 ad
718 3349 774 3394 nos
806 3331 1023 3415 pervenisset,
1056 3329 1130 3396 inde
1155 3334 1311 3399 certiores

113 3449 264 3515 fieremus
295 3448 335 3514 de
367 3450 528 3521 κακώσεως
564 3451 700 3515 actione.
749 3449 841 3515 Nunc
865 3457 976 3516 autem
999 3450 1170 3516 diiudicari
1196 3454 1310 3538 nequit

114 3577 224 3635 utrum
255 3567 478 3634 tantummodo
510 3568 723 3654 cpiolerornm
757 3589 798 3634 an
825 3571 974 3637 universe
999 3591 1135 3636 uxorum
1160 3573 1306 3639 omnium

110 3711 193 3777 quae
226 3709 243 3754 a
274 3688 401 3753 niaritis
431 3708 492 3752 non
518 3689 599 3755 bene
623 3689 820 3756 haberentur
842 3692 949 3775 gratia
975 3692 1124 3757 instituta
1147 3689 1246 3761 luerit
1271 3712 1307 3758 ea

110 3814 205 3879 actim
255 3809 390 3874 Photius
416 3811 448 3872 in
473 3811 720 3895 corruptissima
743 3810 849 3895 glossa
863 3812 889 3898 ἓ)
913 3809 1070 3885 affirmat3
1093 3811 1212 3898 reliqui
1231 3832 1305 3879 vero

108 3951 219 3995 omnes
255 3929 294 3994 dc
327 3928 384 3993 hac
417 3930 577 4002 κακώσεως
612 3931 737 3995 actione
763 3939 880 3998 tacent.
930 3931 991 4012 Qui
1017 3932 1101 3998 inter
1124 3941 1250 4000 veteres
1274 3940 1304 3998 ct

108 4126 314 4136 ——-—--—-——·‹

142 4255 173 4322 1)
191 4249 263 4304 Plut.
286 4252 339 4302 Per.
360 4268 381 4303 c.
406 4255 449 4303 32.

143 4343 174 4410 2)
195 4338 289 4394 athen.
309 4341 390 4407 XIII,
411 4343 461 4408 59,
485 4361 506 4413 p.
519 4343 580 4394 eeu

141 4432 172 4501 3]
192 4447 215 4484 v.
235 4424 388 4496 κακώσεως,
409 4433 442 4482 ΙΙ.
