2842 5018
738 246 758 306 6
821 238 824 243 ,

727 546 762 612 2.

490 808 527 852 DE
550 807 640 853 MONS
663 806 782 854 tnuunm
805 808 992 855 nnrntnonn.

198 1031 267 1096 Duo
299 1047 317 1095 u
347 1027 530 1113 legislatore
563 1029 705 1095 instituti
741 1028 891 1095 videntur
926 1027 1013 1096 modi
1037 1028 1116 1095 iusti
1139 1030 1339 1096 matrimonii
1408 1107 1414 1117 ι

151 1149 300 1218 ineundi:
324 1148 475 1228 ἕγγύησις
499 1156 531 1214 et
552 1149 748 1224 ἐπιδικασία,
769 1149 855 1235 qnod
874 1170 913 1216 ex
933 1149 1015 1216 lsaei
1029 1151 1052 1234 ¹)
1075 1148 1182 1215 verbis
1203 1157 1337 1237 apparot

152 1272 291 1338 dicentis
328 1263 489 1356 Collippen
525 1269 687 1356 quandum
724 1272 839 1338 aetatis
874 1289 995 1338 anuum
1032 1272 1094 1336 ium
1131 1272 1337 1356 trigesimum

151 1409 314 1478 egressam
336 1389 441 1456 udhuo
464 1391 496 1455 iu
522 1390 731 1457 Euctemonis
755 1391 854 1458 tutela
878 1391 978 1457 tuisse
1002 1411 1064 1456 non
1085 1399 1231 1478 oportere
1257 1410 1340 1456 non·

152 1512 229 1578 dum
264 1510 418 1576 elocatum
453 1530 556 1596 neque
591 1519 727 1577 matrem
764 1510 905 1589 fautum,
938 1509 993 1578 sed
1030 1512 1136 1597 potius
1170 1511 1205 1575 in
1238 1530 1339 1576 manu

151 1632 260 1697 muriti
293 1629 483 1697 iamdudum
515 1639 590 1697 ante
620 1629 720 1697 fuisse
741 1630 920 1698 seeundum
940 1630 1026 1716 leges
1049 1632 1257 1710 ἐγγυηθεῖσαν
1280 1637 1338 1695 uut

150 1750 409 1819 tortuositatem.

194 1870 240 1937 lte
262 1878 401 1957 utroque
424 1869 518 1936 modo
541 1869 692 1958 deinceps
716 1870 892 1938 uideamus.

291 2112 328 2177 A.
361 2111 413 2176 De
445 2108 560 2176 modo
591 2111 857 2178 matrimonii
888 2092 1092 2189 ineundi)
1116 2113 1187 2198 qui

532 2229 699 2297 dicitur
730 2230 950 2310 ε’γγύησις.

192 2471 335 2538 Verbum
370 2472 492 2550 ε’γγυῖαν
524 2488 600 2536 eum
635 2471 763 2557 proprie
797 2467 1007 2556 spondere
1038 2468 1198 2556 significet
1231 2480 1264 2537 et
1295 2471 1334 2538 de

147 2610 340 2678 unaquaque
359 2610 395 2657 re
419 2599 610 2677 usurpetur,
631 2591 754 2670 ἐγγυᾶν
781 2592 836 2667 τὴν
860 2590 1017 2672 θυγατέρα
1039 2591 1142 2671 ἀνδρί,
1163 2591 1333 2679 despon-

147 2713 247 2780 dere
277 2711 416 2777 sitiam
449 2714 560 2788 viro,
592 2720 684 2798 puter
713 2711 835 2778 dieitur
863 2719 920 2778 aut
944 2713 1074 2781 omnino
1103 2713 1149 2791 is,
1182 2713 1215 2777 in
1239 2712 1333 2779 ouius

147 2852 246 2900 munu
269 2832 389 2899 femina
409 2840 458 2898 est
470 2831 511 2921 ²);
525 2833 714 2912 ἐνεγυήσατο
737 2833 780 2913 is,
802 2834 859 2919 qui
879 2832 1033 2900 feminum
1052 2832 1212 2898 ducturus
1231 2831 1333 2919 est³);

146 2953 265 3020 femina
294 2960 402 3020 autem
435 2953 505 3040 ipsu
534 2954 733 3042 torpuitffl).
781 2953 844 3020 Res
877 2954 946 3040 ipsu
977 2960 1034 3019 aut
1062 2953 1213 3031 ἑγγύησις
1225 2952 1250 3040 ⁵)
1276 2959 1333 3019 ant

146 3074 247 3155 ἐγγύα
260 3074 286 3163 ⁰)
312 3092 332 3139 a
354 3073 518 3140 ueteribus
542 3075 738 3141 nominatur.

190 3196 382 3261 Primuriam
415 3194 453 3259 de
486 3193 703 3280 despondeudi
731 3194 882 3262 instituto
904 3193 1009 3279 legem
1034 3191 1258 3258 Demosthenis
1282 3211 1334 3258 ue-

146 3313 370 3401 qualisorator
387 3314 469 3381 haoo
488 3313 642 3402 refert⁷):
666 3333 788 3401 quam
812 3313 1093 3401 desponderit
1117 3319 1239 3399 pater
1262 3322 1335 3379 aut

147 3406 287 3502 fruter
321 3441 392 3500 uut
426 3454 550 3514 avus,
585 3456 633 3502 ex
657 3454 701 3502 eu
725 3433 1059 3520 genuiniliheri
1083 3440 1221 3499 sunto.
1270 3432 1335 3498 Lex

146 3564 253 3622 tumen
289 3554 446 3621 hocloco
478 3574 541 3621 non
573 3555 701 3639 integra
730 3553 770 3620 ab
800 3562 928 3621 oratore
957 3539 1129 3633 laudatur,
1164 3570 1239 3619 num
1271 3570 1335 3617 non

182 3890 213 3958 1)
231 3886 263 3942 de
281 3886 391 3942 Philoct.
412 3887 468 3941 her.
488 3907 513 3961 p.
524 3890 575 3954 57,
595 3889 610 3957 §
631 3889 674 3941 14.

181 3978 212 4045 2)
231 3975 390 4047 [Demean]
409 3973 469 4034 adv.
486 3972 577 4029 Leoeh.
596 3993 621 4048 p.
632 3975 719 4042 1095,
740 3976 755 4044 p
775 3977 819 4028 49.

182 4068 211 4135 3)
230 4065 362 4122 Demosth.
380 4083 402 4118 e.
424 4063 531 4119 Androt.
552 4065 657 4136 poue,
677 4064 692 4132 §
713 4066 756 4117 53.

182 4156 212 4225 4)
231 4158 264 4209 ls.
284 4154 316 4210 de
335 4153 446 4209 Philoet.
467 4152 521 4208 her.
541 4171 566 4225 p.
576 4154 626 4220 57,
646 4152 661 4220 §
682 4153 728 4206 14.

182 4247 212 4315 5)
231 4243 266 4297 id.
286 4243 317 4298 de
336 4240 428 4318 Pyrrhi
448 4240 503 4296 her.
523 4261 549 4315 p.
560 4245 612 4308 43,
633 4240 648 4310 §
669 4243 712 4294 53.

182 4336 211 4403 6)
230 4331 317 4399 Pluto,
336 4330 369 4385 de
388 4332 455 4404 legg.
475 4335 524 4398 Vl,
543 4351 567 4404 p.
580 4331 633 4383 774
653 4331 688 4396 Ε,
702 4348 731 4384 e.
752 4332 795 4383 17.

181 4424 211 4493 7)
231 4420 393 4492 [nemesin]
413 4420 470 4478 udr.
491 4420 579 4476 Leooh.
600 4439 622 4493 p.
635 4420 723 4485 1095,
744 4418 759 4487 p
780 4419 823 4470 te.
