2842 5018
611 269 734 330 ,95

111 453 268 520 inducens
291 454 411 539 egerit,
434 452 479 518 illi
502 450 712 518 nihilominus
733 460 842 517 tamen
862 468 973 516 omnes
994 458 1025 516 et
1046 451 1164 536 singuli
1185 453 1216 516 in
1241 452 1305 518 sul·

110 574 216 660 fragia
247 580 343 650 eunt,
375 582 408 639 et
441 572 495 639 ubi
530 575 558 638 is
592 573 647 658 qui
674 571 828 636 inductus
852 579 901 636 est
922 569 1072 636 omnibus
1096 572 1184 637 visus
1209 571 1307 638 luerit

53 774 57 781 ι
110 692 332 760 admiltcndus
356 712 442 770 csse,
477 701 546 758 lum
570 691 700 758 demum
726 710 829 776 neque
853 691 951 756 cilius
976 691 1009 754 in
1031 693 1065 756 τὸ
1087 691 1179 755 κοινὸν
1203 715 1306 772 γραμ-

110 821 240 893 ματεῖον
264 811 465 878 inscribitur.
517 813 596 877 Tam
622 810 794 896 diligenter
813 817 846 875 et
866 818 932 874 tam
955 829 1065 875 serere
1085 810 1133 874 illi
1155 812 1226 875 iura
1249 831 1306 877 sua

109 940 256 999 tuentur.
304 932 476 998 Phrateres
508 932 609 1016 igilur
632 938 665 997 el
689 938 845 1015 gennelae
867 928 954 995 haud
978 931 1183 996 immemores
1211 930 1307 996 buius

109 1053 191 1138 legis
215 1058 246 1118 el
270 1050 457 1137 Apollodoro
480 1050 567 1116 baud
590 1049 771 1116 diffidentes
791 1031 962 1136 ipsumque
984 1068 1035 1115 me
1055 1049 1140 1114 baud
1160 1051 1306 1135 ignotum

111 1171 173 1237 sibi
204 1171 374 1249 habenles,
407 1169 463 1236 sed
490 1169 586 1257 probe
609 1171 748 1236 scientes
772 1189 810 1234 ex
835 1168 1018 1254 Apollodori
1042 1188 1150 1235 sorore
1176 1189 1226 1235 me
1251 1189 1307 1234 na-

111 1301 200 1368 lum,
232 1291 411 1357 decernunt
444 1310 555 1356 omnes
587 1309 702 1355 nomen
733 1308 842 1355 mcum
874 1288 1132 1366 inscribendum,
1156 1309 1230 1355 cum
1256 1289 1308 1355 ille

111 1412 204 1477 solilo
228 1430 317 1476 more
343 1430 399 1496 per
423 1430 515 1475 sacra
539 1408 724 1475 deierasset.
751 1409 841 1474 -Hoc
865 1429 923 1494 ego
942 1418 1036 1494 pacto
1060 1408 1100 1473 ab
1121 1407 1308 1494 Apollodoro

112 1530 217 1596 adbuc
242 1531 414 1615 superstite
438 1549 510 1594 sum
532 1528 702 1616 adoptatus
725 1536 757 1594 et
780 1528 898 1594 tabulis
920 1527 1108 1613 plrralcrum
1129 1529 1307 1614 inscriptus

113 1650 172 1716 hoc
203 1650 314 1716 tilulo:
349 1648 588 1736 Thrasylus
614 1646 885 1735 Apollodori,
909 1649 978 1734 ipso
1001 1667 1110 1714 coram
1135 1647 1307 1734 adoptante

112 1778 219 1856 palre,
239 1768 364 1853 legibus
384 1768 416 1832 id
440 1768 509 1834 lieri
529 1767 742 1834 sinentibus.'’
790 1767 885 1833 Hisce
909 1768 1072 1834 vocabulis
1084 1769 1239 1844 oratoris,
1252 1769 1308 1854 qni

63 1895 69 1910 '
113 1898 182 1953 lam
212 1888 376 1953 evidenter
396 1896 428 1952 et
450 1889 617 1972 perspicue
637 1906 706 1951 rem
727 1887 857 1971 exponit
878 1886 957 1951 nibil
981 1887 1162 1953 addendum
1187 1887 1305 1961 babeo;

115 2025 198 2090 quae
229 2006 314 2070 enim
345 2004 383 2069 de
408 2012 550 2089 tempore
574 2025 637 2088 quo
657 2005 918 2070 inscribebantur
939 2006 971 2070 h.
992 2006 1014 2071 l.
1035 2006 1173 2090 legimus
1197 2006 1308 2072 differo

114 2124 155 2190 ad
179 2145 250 2190 eam
274 2124 492 2201 occasionem,
517 2142 579 2209 qua
603 2124 662 2189 bac
686 2123 726 2188 de
749 2144 784 2190 re
804 2123 886 2189 mibi
905 2125 1043 2212 amplius
1061 2125 1220 2210 agendum
1234 2128 1306 2192 eril.

160 2245 339 2330 Inscriptus
363 2241 528 2328 phratriae
552 2241 634 2309 libro
657 2243 771 2310 deinde
796 2244 998 2310 inducendus
1021 2253 1071 2311 est
1094 2244 1211 2310 lahulis
1231 2244 1309 2309 lexi-

114 2363 254 2430 archicis
286 2365 352 2429 sive
387 2361 471 2428 demi
496 2362 595 2440 libro,
621 2372 656 2429 ut
680 2363 764 2429 idem
789 2385 862 2430 mox
885 2373 1015 2432 enarrat
1029 2367 1072 2454 1);
1100 2366 1307 2453 »priusquam

113 2503 173 2567 ego
193 2503 211 2548 e
231 2481 317 2548 ludis
339 2481 481 2570 pythicis
504 2482 644 2548 redirem
669 2483 714 2549 ila
737 2504 811 2550 cum
837 2484 973 2551 demotis
996 2487 1061 2571 egil
1083 2469 1305 2572 Apollodorus:

114 2622 149 2668 se
164 2602 290 2695 iecisse
322 2611 358 2666 ut
387 2621 502 2666 nomen
526 2620 634 2666 meum
661 2623 721 2668 cen
744 2602 802 2668 filii
825 2606 876 2671 sui
899 2604 1064 2691 phratrias
1086 2604 1168 2669 libro
1193 2605 1309 2669 inscri-

115 2723 247 2788 beretur
277 2740 415 2807 opesque
447 2720 528 2785 mibi
560 2721 747 2798 tradidisse;
778 2725 930 2810 quocirca
958 2724 1082 2790 hortari
1106 2743 1139 2790 se
1164 2723 1307 2790 demptas

53 2822 55 2825 ⁵
92 2827 169 2919 '‘ut,
200 2841 226 2906 si
260 2840 338 2926 quid
364 2839 425 2905 sibi
450 2839 584 2906 humani
609 2842 769 2909 accideret
793 2845 982 2929 priusquam
1007 2864 1065 2929 ego
1089 2844 1248 2920 redirem,
1273 2845 1305 2907 in

114 2960 237 3026 librum
255 2980 350 3026 suum
372 2959 600 3025 laxiarcbicum
623 2981 739 3027 nomen
761 2982 868 3027 meum
891 2961 1107 3028 inscriberent
1127 2963 1185 3028 boc
1199 2962 1306 3027 tilulo:

116 3080 355 3168 Thrasylus
379 3080 645 3165 Apollodori,
669 3100 773 3167 neque
799 3089 912 3147 contra
937 3081 1095 3155 lacerent;
1116 3090 1149 3148 el
1169 3080 1213 3145 illi
1235 3082 1308 3166 qui·

107 3201 189 3271 ,dem
221 3201 294 3266 islis
321 3199 459 3277 audilis,
495 3202 622 3266 tametsi
654 3201 831 3268 adversarii
863 3203 1081 3269 inconvento
1105 3201 1306 3268 demotarum

117 3328 331 3406 quereremur
362 3330 515 3405 negantes
546 3341 598 3386 me
629 3321 815 3408 adoptatum
848 3342 930 3400 esse,
962 3331 1069 3390 lamen
1094 3332 1125 3389 et
1150 3342 1308 3389 memores

116 3461 245 3519 eorum,
266 3460 346 3526 quae
371 3442 432 3526 ipsi
454 3449 528 3507 anle
549 3449 618 3506 tum
640 3442 831 3509 audiverant
851 3450 921 3508 lum
947 3452 1079 3519 norant,
1100 3440 1309 3508 iureiurando

116 3582 176 3648 per
207 3581 299 3628 sacra
322 3561 408 3626 dicio
427 3562 459 3627 in
480 3560 711 3628 lexiarchicum
732 3562 913 3629 intulerunt
932 3582 1048 3628 nomen
1068 3581 1192 3638 nreum,
1212 3561 1309 3626 siculi

117 3681 329 3768 Apollodorus
359 3688 582 3766 praeceperam
615 3688 681 3746 tam
713 3689 837 3747 certum
869 3679 1094 3766 liquidumque
1122 3700 1211 3746 meae
1235 3679 1310 3745 ado·

117 3803 237 3888 plionis
260 3801 424 3886 negotium
448 3800 488 3864 iis
512 3799 714 3866 ridebatur.''
727 3803 765 3882 ²).

166 3921 251 3986 Haec
275 3923 426 3986 inslilula
449 3940 522 3984 cum
549 3919 675 3985 valeant
700 3929 824 3986 lanium
851 3919 1077 4005 deadoplione
1100 3919 1310 3997 interrivos,

117 4041 229 4108 eadem
263 4060 359 4128 opera
389 4040 555 4104 videamus
579 4059 676 4124 penes
700 4060 795 4125 quem
820 4039 1017 4107 inscribendi
1041 4059 1119 4106 cura
1143 4037 1257 4117 luerit,
1283 4040 1310 4103 si

156 4333 187 4399 1)
207 4329 246 4384 rr.
267 4331 353 4403 poc,
375 4329 389 4395 o
410 4329 454 4379 or.

157 4422 188 4488 2)
209 4422 271 4474 Fere
292 4419 380 4472 eadem
401 4424 543 4470 occurrunt
562 4414 589 4467 in
607 4432 643 4469 or.
663 4414 694 4469 dc
715 4418 778 4470 bien.
799 4414 851 4471 ber.
873 4419 888 4487 §
908 4420 953 4471 14.
