2842 5018
669 289 733 350 150

110 485 152 561 τῇ
188 481 315 559 παλαιᾷ
355 488 526 539 occurrere
557 479 785 558 praeterquam
819 469 903 557 apud
941 470 1198 560 Theopompum
1235 471 1305 553 eod,

111 596 235 683 pergit,
260 594 342 659 οὐδὲν
366 591 541 675 Θεοπόμπῳ
566 590 743 671 coadunabo
764 592 807 664 εἷς
828 591 988 672 ἑρμηνείαις
1012 590 1118 673 κρίσιν.

121 726 124 731 “
154 709 468 799 bericograpborum
499 709 663 778 cumulavi
693 710 897 789 testimonia,
928 730 1009 797 opus
1033 710 1132 777 taedii
1158 709 1303 798 plenum,

110 852 193 922 quae
212 833 358 902 indicant
377 830 550 898 admodum
571 831 612 896 iis
632 838 745 896 notam
766 828 867 896 luieee
886 831 970 896 iuris
989 830 1081 896 attici
1101 832 1305 912 institutum,

111 970 175 1042 quo
205 952 396 1040 par-entibus
417 951 511 1018 licuit
535 949 644 1017 liberis
667 968 796 1018 omnem
819 950 949 1035 generis
970 950 1233 1016 communionem
1258 951 1305 1017 in-

111 1073 281 1140 terdicere.
321 1070 384 1139 Alii
408 1069 561 1136 videntur
583 1067 766 1137 contudisse
789 1068 1060 1151 dnoanpoxdtvccc
1084 1076 1118 1135 et
1137 1070 1304 1147 locotello-

109 1214 185 1267 τριρς
215 1191 270 1258 alii
302 1197 429 1257 cenant
460 1191 545 1256 sitne
579 1189 714 1254 atticum
746 1187 937 1256 vocabulum
961 1188 1173 1269 decadonem
1195 1206 1302 1257 necne.

110 1313 221 1399 lpsum
252 1331 328 1376 vere
352 1308 542 1376 vocabulum
567 1307 752 1390 ἀποκήρυξις
776 1309 905 1374 uortnisi
928 1308 1013 1395 apud
1034 1308 1237 1376 recentiores
1256 1327 1305 1377 uc·

112 1433 217 1499 otrrrit
232 1430 269 1518 ¹).
317 1428 431 1496 Omnia
462 1437 573 1499 minen
603 1427 777 1495 ostendunt
809 1447 905 1515 mam
936 1428 1032 1495 exilia
1050 1426 1128 1495 'sint
1161 1447 1246 1517 quae
1267 1428 1303 1496 de

112 1550 313 1616 abdicatione
338 1550 499 1616 uenimus.

157 1667 299 1734 Verbum
331 1667 437 1755 ipsum
469 1667 691 1749 ἀποκηρύττειν
714 1667 875 1754 significat
898 1667 1070 1754 aliquid
1095 1687 1169 1754 per
1188 1687 1302 1755 prae·

111 1810 255 1856 eonem
279 1786 571 1875 promulgare:
593 1786 825 1876 Plutarchus²)
850 1808 878 1855 e.
903 1804 933 1873 g.
959 1797 1071 1853 narrat
1090 1786 1299 1874 bripbrenem

109 1909 251 1977 voluisse
272 1907 492 1990 ἀποκηρύττειν
516 1906 731 1985 Alcibiadem,
755 1906 912 1975 Periclem
935 1927 1012 1975 vero
1032 1908 1175 1975 uetuisse
1197 1906 1302 1974 dicen·

109 2039 175 2096 tein
208 2049 301 2106 eum,
333 2031 360 2092 si
391 2038 540 2094 mortuus
560 2036 662 2106 esset,
686 2048 744 2114 per
766 2029 975 2114 praeconium
1000 2029 1066 2118 (διὰ
1084 2029 1121 2094 τὸ
1144 2028 1304 2116 colpam)

109 2168 175 2215 uno
193 2147 245 2214 die
264 2149 356 2234 prius
380 2147 604 2233 appariturum
625 2148 709 2222 lere;
730 2151 778 2215 sin
801 2168 878 2216 rere
896 2148 1005 2216 saluus
1023 2155 1124 2227 esset,
1145 2148 1302 2234 reliquam

109 2271 210 2335 vitam
241 2266 270 2334 ci
303 2285 364 2332 oen
394 2265 524 2331 vitalem
547 2264 627 2335 lore.
675 2267 759 2337 lluie
779 2267 851 2334 loco
872 2267 1096 2337 abdicandi
1118 2265 1302 2354 significati·

110 2407 203 2455 onem
240 2385 369 2462 abdico,
413 2404 488 2451 nam
521 2405 539 2452 e
571 2385 707 2457 Periclis
736 2389 859 2455 monito
891 2395 1023 2476 apparet
1063 2388 1240 2475 bripbroni
1270 2389 1302 2454 in

110 2509 218 2574 animo
249 2504 350 2572 luisse
380 2523 438 2590 per
467 2520 658 2591 praeconem
681 2506 887 2594 promulgare
910 2506 1107 2575 Alcibiadem
1131 2507 1229 2576 domo
1251 2528 1302 2576 au·

112 2626 251 2714 fugisse,
283 2627 377 2712 eique
408 2627 465 2712 qui
497 2624 664 2713 profugam
689 2636 746 2693 aut
766 2629 877 2694 virum
901 2637 958 2695 aut
978 2636 1145 2696 mortuum
1170 2629 1232 2696 sibi
1253 2629 1302 2696 in·

110 2748 234 2813 dicaret
257 2748 439 2833 praemium
462 2747 668 2832 promittere:
693 2747 759 2814 »Ne
781 2747 918 2827 laciac,”
942 2749 1082 2816 Pericles
1101 2769 1178 2816 eum
1197 2748 1300 2817 berta·

110 2877 182 2945 tur,
208 2867 362 2932 »sienim
389 2867 452 2933 iam
478 2866 654 2942 interierit,
679 2885 745 2933 uno
765 2875 893 2934 tantum
918 2866 970 2935 die
992 2871 1085 2956 priua
1107 2872 1254 2946 noverim
1275 2868 1300 2936 sl

110 2995 219 3052 autem
243 2985 338 3062 vivit,
362 2985 486 3073 reliqna
509 2986 576 3051 uita
599 2985 669 3052 cios
692 2985 785 3072 plane
807 2986 933 3073 perdita
954 2989 1035 3068 erit,
1059 3006 1135 3055 nam
1155 3006 1234 3076 prae
1252 2991 1299 3056 eui

109 3107 215 3193 ipsius
243 3105 398 3171 lacineris
428 3111 460 3171 et
491 3114 569 3171 tuac
590 3104 858 3192 promulgationis
881 3106 1004 3193 pudere
1025 3109 1060 3174 in
1080 3128 1178 3179 omne
1200 3126 1299 3197 geone

110 3226 307 3311 flagitiorum
343 3225 450 3290 ruet.'’
498 3224 597 3290 Video
629 3245 755 3311 queque
788 3226 982 3315 Meierum³)
1015 3228 1102 3295 htrnc
1136 3229 1298 3297 Plutarchi

108 3343 215 3409 lecum
248 3343 291 3407 ita
324 3342 486 3427 accepisse
514 3349 546 3407 et
577 3342 699 3428 gaudeo
731 3364 804 3413 eum
828 3345 974 3413 attulisse
997 3320 1229 3432 gravissimum
1253 3369 1298 3418 ar·

109 3470 317 3550 gumentum‚
342 3459 427 3546 qued
447 3461 581 3548 impedit
602 3464 774 3548 quominus
795 3464 833 3532 de
855 3465 1058 3534 abdicatione
1075 3471 1215 3555 cogitari
1235 3491 1297 3558 pos·

109 3585 172 3650 sit:
197 3583 299 3649 tutori
323 3579 393 3648 scil.
418 3601 481 3647 nen
504 3580 620 3648 licebat
643 3584 843 3667 ἀποκηρῦξαι.
1022 3580 1024 3585 “

153 3701 273 3769 Eadem
305 3721 378 3789 per
408 3721 661 3788 praeconem
697 3706 996 3792 promulgandi
1026 3710 1225 3796 significatio
1248 3711 1297 3778 lto

107 3823 174 3891 illic
205 3821 347 3888 occurrit
359 3821 399 3908 ⁴);
429 3819 506 3887 binc
538 3823 686 3909 sequitur
716 3823 820 3893 eidem
850 3826 948 3894 verbo
975 3829 1082 3897 inesse
1104 3833 1296 3899 sententiam

108 4033 311 4052 κ’*

143 4179 175 4247 1)
193 4194 215 4231 e.
235 4195 260 4249 g.
280 4174 351 4230 rtur.
371 4174 461 4229 Them.
481 4193 503 4229 c.
523 4177 549 4231 2.

142 4268 174 4336 2)
193 4262 276 4319 Alcib.
295 4282 317 4318 e.
338 4268 369 4333 33
389 4283 435 4337 pro
454 4261 558 4314 dcem
576 4264 718 4341 legendum
737 4287 791 4326 ereo
808 4269 929 4333 altilem
948 4272 1002 4329 iam
1021 4282 1114 4331 notum
1133 4284 1181 4332 eol.

142 4359 173 4427 3)
193 4354 269 4408 ldeier
288 4362 315 4407 et
333 4352 508 4424 Schoemann,
528 4353 576 4409 der
590 4366 639 4412 att.
661 4376 728 4431 prce.
747 4379 772 4434 p.
784 4364 846 4415 482.

140 4447 171 4517 d)
189 4460 211 4498 e.
232 4462 255 4515 g.
275 4443 338 4498 ileu.
357 4441 423 4499 llell.
444 4446 479 4513 V,
499 4447 532 4514 2,
548 4447 585 4499 27
619 4445 826 4505 Democritum.
846 4453 929 4506 doceb
949 4449 969 4507 1.
988 4450 1007 4506 l.
