2842 5018
650 308 692 370 65

114 493 208 560 Teste
242 493 372 560 Platone
394 494 418 581 ¹)
452 493 594 560 Pericles
625 491 759 559 tratrem
793 497 871 557 natu
903 491 1060 557 minorem
1092 491 1266 560 Alcibiadis

65 612 218 691 Cliniam,
242 632 338 700 quern
364 633 427 679 una
451 632 525 679 cum
551 611 714 679 Alcibiade
738 612 825 677 domi
848 631 925 678 suae
946 610 1073 677 ridetur
1094 610 1263 691 educasse,

66 732 183 798 timens
215 753 255 797 ne
288 731 328 798 ab
357 732 521 799 Alcibiade
552 740 835 818 corrumperetur,
861 731 901 797 ab
925 731 984 797 hoo
1009 730 1148 797 devertit
1172 739 1203 798 ct
1228 734 1260 797 in

65 852 257 940 Ariphronis
289 851 400 919 fratris
432 854 483 919 sui
517 854 572 940 qui
598 871 661 918 una
686 872 796 918 secum
820 859 910 916 tutor
933 858 1003 917 erat
1016 851 1041 938 ²)
1067 851 1162 917 domo
1185 852 1262 918 edu·

65 973 134 1038 cari
156 973 262 1039 iussit.
311 971 373 1039 Sex
398 992 474 1039 vero
499 972 642 1038 nondum
664 972 829 1038 mensibus
851 970 1080 1058 praeterlapsis
1099 971 1261 1058 Ariphron

65 1095 212 1160 nesciens
236 1093 314 1179 quid
339 1092 440 1158 Clinia
463 1091 586 1158 laceret
608 1090 695 1157 hunc
718 1091 835 1157 Pericli
860 1089 1012 1159 reddidit.

109 1214 219 1279 lsaeus
239 1213 330 1278 nobis
349 1220 456 1278 tamen
478 1211 540 1277 duo
561 1211 726 1299 praebebit
745 1210 908 1298 exempla,
929 1209 1260 1295 quibuscontrarium

64 1331 184 1399 laetum
216 1352 287 1398 csse
319 1332 464 1409 videtur,
487 1340 521 1398 at
545 1351 579 1397 re
604 1331 777 1416 diligenter
798 1350 956 1417 perpensa
980 1330 1160 1398 ridebimus
1183 1351 1261 1397 neu·

64 1460 152 1519 trum
185 1453 249 1518 iuri
282 1453 382 1518 attico
413 1452 580 1521 obsistere.
631 1451 851 1538 Theophrasto
871 1452 896 1539 3)
930 1472 948 1517 a
981 1452 1082 1518 fratre
1114 1449 1261 1518 Hierocle
1345 1528 1348 1534 ¹

63 1592 144 1639 uxor
168 1572 324 1659 desponsa
340 1582 422 1665 ⁴erat
449 1594 530 1660 quae
553 1594 590 1639 ex
612 1573 718 1659 priore
739 1591 813 1638 oum
834 1571 1033 1660 Euthycrate
1052 1572 1261 1637 matrimonio

46 1680 126 1757 ‘iarn
152 1690 254 1757 lilium
280 1692 486 1780 Astyphilum
512 1701 690 1780 pepererat.
739 1692 832 1756 Hunc
856 1711 966 1757 secum
991 1692 1023 1756 in
1045 1691 1259 1778 'theophrasti

62 1811 196 1876 donmm
228 1810 338 1888 duxit,
374 1813 431 1897 qui
465 1813 651 1898 privignum
685 1811 828 1874 instituit
861 1810 995 1894 eiusque
1026 1811 1260 1894 patrimonium

64 1929 304 1993 adurinistravit
334 1937 366 1993 et
397 1937 564 2014 praeterea
595 1947 739 1994 sororem
767 1928 959 2007 ὁμοπατρίαν
982 1926 1052 1992 eius
1076 1927 1258 2013 despondit.

64 2045 201 2134 uetera)
235 2048 349 2112 statuit
381 2047 463 2113 haue
490 2048 650 2136 Astyphili
675 2067 737 2113 non
762 2047 953 2128 ὁμομητρίαν
976 2066 1117 2113 sororem
1142 2045 1259 2127 luisse,

61 2165 119 2233 sed
153 2166 193 2231 ab
226 2165 426 2255 Euthycratc
458 2187 475 2234 e
507 2169 614 2254 priore
647 2166 786 2254 quodam
821 2167 1028 2233 matrimonio
1059 2177 1259 2255 susceptam:

62 2287 140 2352 huic
174 2293 281 2352 tamen
305 2287 519 2354 adversantur
544 2287 786 2375 Sohoemann⁵)
812 2296 844 2353 et
868 2287 1053 2376 Platner⁶);
1079 2289 1159 2354 mihi
1182 2309 1259 2356 vero

61 2406 172 2472 Meieri
204 2407 363 2472 sententia
394 2405 568 2472 admodum
601 2407 724 2493 placet,
760 2427 834 2474 narn
858 2408 986 2486 isaeus,
1019 2408 1146 2494 opinor,
1170 2409 1259 2477 istud

63 2528 255 2608 ὁμοπατρίων
287 2547 349 2592 non
383 2526 576 2606 addidisset,
610 2530 636 2593 si
661 2527 746 2604 lilius
770 2538 802 2595 et
826 2529 892 2595 lilia
916 2528 1027 2596 eodem
1051 2529 1259 2594 matrimonio

63 2648 130 2712 nati
161 2655 280 2714 essent.
333 2647 487 2713 Hieroclis
518 2667 608 2712 soror
638 2655 765 2714 mortuo
788 2651 905 2716 marito
928 2649 1026 2715 huius
1050 2648 1180 2715 domum
1205 2668 1257 2715 re·

61 2767 156 2854 liquit
180 2776 212 2833 et
236 2788 310 2833 curn
336 2768 409 2834 dote
432 2769 465 2832 in
490 2787 623 2834 manum
648 2767 760 2835 fratris
785 2769 895 2848 rediit,
921 2769 1005 2857 quod
1026 2791 1065 2837 ex
1085 2770 1168 2835 Isaei
1188 2789 1256 2835 rer·

62 2886 114 2984 bis
143 2887 214 2954 luce
245 2888 364 2954 elarius
395 2896 507 2974 patet:
547 2897 737 2973 »paternum
769 2888 939 2975 praedium
973 2888 1133 2976 Astyphill
1166 2898 1257 2974 pater

62 3027 153 3072 meus
179 3007 445 3096 (Theophrastus)
470 3016 501 3074 et
523 3008 604 3073 'satis
628 3014 659 3073 et
681 3007 850 3073 arboribus
870 3007 1197 3093 excoluit·ellecitque
1220 3016 1256 3074 ut

62 3126 158 3213 duplo
189 3127 292 3214 pluris
316 3128 457 3194 valeret”
470 3133 512 3210 ⁷).
560 3126 593 3191 Si
617 3135 726 3202 autem
752 3126 848 3192 vidua
873 3128 904 3192 in
930 3127 1140 3215 Euthycralis
1163 3127 1256 3194 domo

63 3248 287 3326 remansisset,
311 3247 367 3313 dos
389 3248 568 3314 necessario
588 3246 755 3335 Astyphilo
773 3246 935 3334 adscripta
948 3246 1061 3314 luisset
1075 3269 1133 3314 nec
1146 3248 1255 3317 lsaeus

59 3368 331 3453 praetermisisset
369 3368 466 3433 etiam
507 3367 604 3432 huius
637 3367 950 3435 administrationem
984 3389 1254 3447 commemorare,

61 3506 135 3554 oum
173 3495 320 3553 narraret
355 3487 516 3574 Astypbili
549 3487 654 3553 bona
687 3495 864 3573 paterna
897 3497 961 3554 tam
996 3488 1074 3555 bene
1105 3509 1123 3552 a
1156 3488 1254 3573 Theo·

59 3606 192 3693 phrasto
223 3607 331 3673 habita
363 3627 443 3674 csse.
493 3609 659 3672 Praeterea
672 3607 698 3693 8)
733 3606 852 3672 diserte
879 3607 1042 3685 indicatur
1068 3607 1252 3694 Theophra-

59 3759 268 3775 δ-ι--η

97 3845 127 3912 1)
147 3847 215 3898 Prot.
237 3847 326 3917 pauo
347 3848 382 3910 A,
402 3862 423 3898 c.
444 3849 487 3897 10.

95 3934 127 4001 2)
148 3931 217 3987 Plut.
239 3932 321 3986 Aloih.
341 3952 363 3988 c.
383 3938 409 3986 1.

96 4023 126 4092 3)
147 4019 179 4074 de
199 4021 306 4096 Astpph.
327 4021 379 4077 bor.
402 4023 487 4094 p.77‚
505 4021 519 4087 p
539 4023 576 4072 2⁷
594 4039 647 4095 sqq.
717 4051 721 4058 1

96 4112 125 4179 A)
147 4110 223 4164 bleior
241 4120 268 4164 et
286 4109 403 4165 Soboern.
424 4109 449 4163 d.
469 4119 518 4164 att.
540 4128 605 4182 proc.
627 4113 731 4183 plto3
752 4109 783 4165 ol.
804 4127 880 4182 supra
901 4129 924 4182 p.
937 4111 966 4175 8,
986 4127 1011 4160 n.
1034 4111 1057 4160 1.

96 4201 126 4267 5)
147 4198 181 4253 ad
201 4203 318 4267 Isaeum,
338 4219 362 4272 p.
374 4202 435 4252 lua.
1076 4219 1081 4230 ·

96 4289 126 4355 6)
146 4286 173 4343 d.
193 4307 261 4361 proc.
283 4289 337 4342 und
357 4289 398 4342 die
419 4287 454 4339 lt.
477 4292 516 4353 ll,
537 4306 560 4359 p.
572 4290 635 4339 251.

97 4379 126 4444 7)
149 4379 181 4429 ls.
201 4376 234 4431 de
252 4379 359 4452 Astpplr.
382 4378 433 4431 her.
456 4396 478 4449 p.
491 4379 538 4442 77,
560 4376 573 4442 b
594 4379 637 4428 28.

99 4466 129 4533 8)
150 4463 211 4518 ibid.
233 4467 247 4534 A
268 4469 312 4520 27.
