2842 5018
731 307 794 369 loe

163 495 262 574 κυρίου
285 511 429 558 uranum.
479 489 611 577 Siquid
632 487 738 566 video,
758 487 816 553 filii
837 486 993 553 eiusmodi
1015 487 1129 553 aratris
1147 486 1240 568 κύριοι
1261 486 1359 566 finnt,

165 632 239 678 nam
272 613 342 679 eius
370 611 427 677 dos
460 609 510 674 his
541 608 669 675 obvenit
699 617 732 674 et
755 608 857 693 igitur
877 607 944 673 fere
969 606 1054 672 idem
1077 605 1360 673 locumhabnisse

162 730 338 798 verisimile
365 738 415 796 est
441 738 539 815 atque
562 730 596 794 in
620 727 820 817 epicleris1).
869 725 932 793 Sed
955 733 1081 794 essetne
1104 726 1282 793 liberorum
1306 735 1359 794 tu-

162 859 232 928 tor,
264 850 364 916 donee
394 849 429 915 hi
460 850 511 916 sui
542 849 625 915 iuris
652 855 778 926 essent,
804 867 861 934 pro
885 846 949 913 iliis
971 866 1099 932 quoque
1123 848 1238 913 matris
1262 848 1359 929 κόρους

161 969 335 1036 diiudicari
359 971 482 1057 nequit.

207 1091 410 1176 Quamquam
435 1089 571 1157 feminae
593 1089 678 1177 apud
698 1088 910 1155 Athenienses
931 1097 1073 1155 remotae
1092 1097 1187 1155 erant
1207 1089 1248 1154 ab
1269 1091 1358 1156 omni

159 1209 371 1281 contrahendi
395 1210 482 1288 iure,
502 1217 679 1277 occurrunt
698 1217 806 1275 tamen
827 1208 879 1275 hic
899 1207 965 1275 ibic
986 1219 1130 1276 veterum
1154 1210 1356 1287 testimonia,

161 1352 244 1420 quae
266 1327 503 1398 contrafacere
523 1329 685 1396 videntur.
732 1328 819 1396 Nihil
839 1337 948 1396 autern
968 1328 1105 1415 probant
1124 1330 1186 1397 loci
1205 1349 1245 1396 ex
1266 1349 1355 1397 com·

159 1452 265 1531 oedia,
289 1468 427 1536 quorum
452 1449 588 1536 exempli
612 1469 710 1517 causa
734 1468 836 1515 unum
860 1448 1040 1516 describam
1054 1451 1097 1539 ²):

681 1571 722 1651 τῷ
747 1570 811 1650 obp
833 1571 931 1648 εἰκός,
956 1567 977 1635 ὦ
1000 1570 1110 1651 πόλις,

251 1693 305 1767 τὴν
328 1688 519 1772 ’Ὑπερβόλου
540 1690 690 1765 καόῆσόαι
714 1689 819 1770 μητέρ’
844 1690 1058 1772 ἠμφιεσμένην

249 1811 348 1878 λευκόν
370 1811 423 1876 καί
447 1809 548 1888 κόμας
574 1810 721 1876 καόεῖσαν
744 1809 874 1885 πλησίον
896 1819 952 1885 τῆς
975 1809 1141 1895 Λαμοόχου

249 1932 301 1998 καί
325 1929 471 2012 δανείζειν
492 1929 630 2011 χρόμαό
641 1979 651 2010 ,
676 1928 695 2013 ᾖ
716 1937 809 2015 χρῆν,
835 1931 859 1996 εί
884 1930 1047 1997 δανείσειέν
1069 1955 1127 1998 τινι

248 2050 301 2119 καὶ
325 2051 412 2117 τόκον
435 2049 618 2130 προίσταντο,
642 2049 753 2116 διδόναι
776 2050 881 2131 μηδέν’
903 2052 1061 2132 αίνόρόποιν
1083 2051 1191 2131 πόκον,

156 2219 158 2222 >
247 2173 324 2238 ἀλλ’
347 2171 546 2254 ἀφαιρεῖσθαι
570 2171 628 2254 βόιρ
652 2171 694 2236 τοὶ
716 2171 859 2253 χρήματ’
883 2171 1025 2246 εἰπόντας
1048 2174 1127 2240 τοδί·

248 2289 326 2368 οὶξόα
349 2295 423 2370 γοῦν
445 2287 476 2356 εἴ
495 2290 585 2357 τόκου
608 2296 742 2357 τεκοῦσα
764 2297 896 2358 τοιοῦτον
919 2291 1016 2359 τόκον.

156 2411 219 2494 Qui
241 2409 400 2478 eiusmodi
423 2408 492 2476 loco
516 2411 565 2476 uti
588 2410 682 2477 vellet
706 2410 746 2477 ad
770 2411 1057 2480 demonstrandum
1081 2413 1213 2482 feminis
1237 2415 1354 2484 Atticis

155 2530 365 2599 contrahendi
379 2532 430 2598 ius
441 2531 558 2611 fuisse,
572 2532 632 2598 hoc
645 2533 713 2619 ipso
727 2531 875 2618 probaret
888 2553 922 2600 se
934 2535 1051 2602 atticae
1063 2535 1249 2605 comoediae
1260 2538 1352 2605 indo-

155 2651 218 2719 lem
243 2653 378 2718 minime
400 2659 601 2739 perspectam
626 2652 755 2720 habere.
805 2655 846 2720 At
869 2664 1032 2721 oratorum
1056 2664 1186 2722 exstant
1206 2656 1267 2725 loci
1288 2677 1350 2725 nou

155 2791 255 2858 aeque
284 2772 455 2858 spernendi
477 2781 512 2839 nt
531 2773 700 2840 Aeschinis
713 2773 758 2862 3)ν
779 2775 835 2861 qni
855 2782 965 2842 narrat
983 2775 1249 2858 Demosthenem,
1265 2787 1349 2866 post·

154 2912 251 2978 qnam
266 2893 498 2980 patrimonium
511 2893 765 2979 disperdidisset,
781 2914 838 2981 per
849 2902 949 2961 totam
964 2895 1076 2964 urbem
1089 2899 1351 2978 circumiissent

153 3012 370 3080 adolescentes
400 3012 516 3079 divites
546 3023 738 3091 venaretur,
771 3035 944 3101 quornm
969 3025 1126 3085 matres
1150 3019 1349 3105 patribus

152 3132 353 3201 defunctis
373 3153 470 3220 opes
493 3133 912 3225 administrabant⁴).
948 3137 1050 3205 Unius
1063 3137 1350 3207 deindeeinsmodi

151 3252 305 3321 facinoris
335 3254 530 3319 mentionem
565 3253 642 3321 iacit
669 3255 770 3322 multa
794 3255 857 3322 alia
881 3256 1008 3323 silentio
1030 3261 1245 3343 praeteriens:
1270 3280 1344 3328 cum

150 3374 239 3441 enim
269 3371 498 3439 bemorthenes
528 3372 719 3461 locupletem
748 3375 883 3442 domum
915 3381 1149 3465 conspexisset,
1177 3400 1260 3467 quae
1283 3400 1345 3447 non

151 3503 240 3562 recte
270 3492 523 3579 gubernaretur,
555 3495 672 3580 qnippe
696 3495 790 3561 cuius
813 3495 879 3562 dux
900 3505 985 3565 esset
1008 3500 1184 3586 mulier⁵)‚
1209 3501 1345 3588 superba

151 3613 205 3681 ilia
228 3613 373 3700 quidem,
398 3613 453 3680 sed
477 3615 612 3681 minime
634 3615 778 3695 cordata,
803 3615 986 3687 adolescens
1007 3629 1116 3689 autem
1137 3630 1229 3709 patre
1248 3621 1343 3690 orbus

189 3941 218 4009 1)
238 3959 262 4011 p.
274 3942 325 4007 57,
346 3958 371 3994 n.
393 3945 417 3994 ¹.

188 4028 218 4097 2)
239 4025 316 4080 Arist.
334 4026 436 4082 Thesm.
456 4032 510 4084 839
529 4049 584 4106 sqq.

187 4118 218 4186 3)
237 4134 260 4199 c.
280 4114 347 4169 Tim.
368 4135 392 4188 p.
404 4120 453 4186 24,
474 4121 489 4187 ᾗ
510 4123 571 4174 170.

188 4206 217 4275 4)
237 4201 273 4252 ὢν
292 4203 318 4253 οἱ
334 4202 384 4265 μὲν
401 4205 521 4275 πατέρος
538 4207 799 4279 ἐτετελευτήκεσαν,
817 4212 847 4261 αἱ
865 4211 896 4262 δὲ
914 4212 1032 4284 μησόρις
1047 4215 1165 4283 διῴκουν
1175 4220 1226 4285 τὴν
1238 4219 1339 4272 οὐσίαν.

149 4289 181 4345 ln
207 4291 418 4365 praecedentibus
444 4293 535 4349 nullus
555 4294 655 4379 dubito
676 4299 832 4355 vocabulum
852 4299 987 4368 όνσαιιόιι
1007 4314 1062 4378 post
1081 4305 1341 4378 conveniendae,

149 4391 182 4435 ut
198 4381 324 4471 scholium
344 4382 376 4438 ad
395 4384 528 4458 sequentia
549 4382 585 4435 ὡν
604 4385 695 4452 οἱμὲν
713 4389 832 4459 πατέρες
850 4377 1107 4460 ἐτετελευτήκεσαν.

185 4473 216 4543 5)
235 4473 267 4537 ῆς
285 4471 392 4539 ἡγεμὼν
410 4461 444 4538 ἦν
462 4476 538 4539 γυνή.
