2842 5018
678 263 742 325 119

115 445 289 515 iurandum
313 445 399 522 est,''
423 443 545 530 inquit,
572 442 677 528 »quod
700 462 811 510 omnes
835 444 921 511 cives
945 444 1072 523 iurant,
1093 465 1168 515 oum
1188 448 1305 517 laniar-

112 567 205 636 chico
223 563 305 631 libro
324 564 472 650 inscripti
491 572 587 649 atque
606 561 719 650 ephebi
738 562 816 630 lacti
837 572 931 642 sunt,
952 583 1015 650 quo
1034 566 1304 637 seilicetcavetur

114 706 154 753 ne
185 704 276 752 sacra
306 702 396 750 arma
425 682 617 751 dedecorent
650 703 753 770 neque
784 684 955 751 stationem
988 687 1021 750 in
1056 687 1125 754 acie
1155 687 1305 756 deserant

112 806 249 892 patriam
279 814 389 871 autem
420 802 593 871 defendant
623 812 656 870 et
688 803 853 870 meliorem
884 803 1056 874 reddant.’'
1103 808 1179 876 Tale
1202 809 1304 876 iusiu-

112 924 250 992 randum
274 923 405 990 demnm
429 922 468 988 ab
492 924 534 990 iis
558 924 749 1010 praestitum
773 942 863 1001 esse,
887 925 944 1008 qui
967 925 1031 991 iam
1056 945 1114 1012 per
1136 927 1303 995 biennium
1362 921 1364 927 ’

113 1046 198 1112 inter
227 1041 409 1125 περιπόλους
442 1042 651 1119 militassent,
684 1045 757 1128 quis
787 1044 872 1108 serio
903 1041 1061 1111 affirmet?
1109 1044 1144 1110 Si
1167 1048 1221 1112 cui
1245 1047 1304 1113 du·

113 1165 201 1232 bium
227 1164 388 1238 rideatur,
413 1165 441 1227 is
465 1162 622 1228 attendito
641 1160 683 1228 ad
702 1162 926 1229 Demosthenis
946 1161 1139 1231 locutionem
1162 1166 1228 1254 (τὸν
1246 1173 1305 1233 τῶν

113 1286 242 1364 ἐφήβων
272 1280 366 1369 ὅρκον)
400 1288 433 1347 et
464 1280 618 1346 concedat
648 1300 778 1347 necessa
801 1288 939 1348 aetatem
964 1282 1137 1350 militarem
1162 1284 1305 1354 incidere

113 1406 146 1471 in
170 1402 307 1472 eundern
328 1419 467 1474 annum,
492 1418 556 1485 quo
580 1398 783 1466 laxiarchicls
807 1399 925 1467 tabulis
948 1403 1097 1490 inseripti
1121 1406 1196 1470 sint.

158 1522 389 1609 Harpocration
404 1521 430 1602 ¹)
452 1518 543 1587 nobis
564 1519 746 1586 Aristotelis
766 1519 984 1607 fragmentum
1006 1525 1145 1590 serravit
1165 1523 1305 1592 hocloco

114 1662 317 1729 nequaquam
350 1616 691 1727 praetermittendum
724 1639 902 1726 philosophi
931 1643 1018 1708 enirn
1040 1642 1172 1711 effatum
1197 1664 1305 1730 gram-

114 1764 233 1830 matico
256 1780 400 1849 pugnare
422 1758 591 1827 videbatur
612 1779 688 1827 cum
709 1759 877 1826 Aeschinis
897 1761 965 1827 loco
984 1763 1172 1847 nuperrime
1190 1771 1306 1830 tracta·

114 1891 162 1954 to:
186 1879 373 1945 Aristoteles
400 1879 487 1943 enim
519 1878 660 1944 dixerat:
694 1877 816 1943 »altero
846 1897 930 1944 anno
961 1879 1096 1946 eeclesia
1123 1882 1155 1946 in
1180 1880 1307 1949 theatro

122 1997 231 2064 habita
262 1984 486 2074 ἀποδεξάμενοι
511 1998 553 2077 τῷ
576 1995 661 2077 δήμῳ
686 1997 753 2077 περὶ
776 1997 835 2067 τὰς
858 1995 965 2072 τάξεις
988 2006 1119 2083 accepto
1141 1998 1252 2087 clypeo
1274 2011 1308 2069 el

118 2117 209 2182 hasta
233 2135 252 2180 a
275 2113 391 2201 populo
413 2112 600 2180 custodiunt
623 2115 787 2199 regionem
806 2123 841 2182 et
859 2115 893 2180 in
914 2115 1083 2201 praesidiis
1102 2123 1306 2187 versantur?

117 2235 292 2304 Aeschines
315 2240 423 2300 autern
448 2232 575 2299 dixerat
598 2233 702 2300 duos
725 2252 874 2311 annos,
897 2233 983 2320 quod
1007 2238 1219 2322 grammatico
1240 2247 1307 2306 sto-

115 2355 268 2423 maehum
300 2354 410 2420 movit.
457 2353 564 2420 Etiam
598 2352 658 2418 hac
690 2355 723 2419 iu
754 2373 789 2419 re
823 2352 1013 2439 Sohaclar2)
1047 2376 1160 2423 verum
1188 2357 1307 2428 vidisse
1342 2377 1344 2381 ’

117 2475 262 2544 ridetur:
296 2471 366 2539 orbi
397 2471 584 2559 parentibus
617 2480 654 2538 ut
685 2479 759 2540 anta
784 2472 991 2559 pubertatem
1012 2475 1060 2541 sic
1081 2476 1179 2544 etiam
1202 2480 1308 2565 primo

116 2615 201 2663 anno
220 2603 389 2681 postquam
410 2591 528 2660 tabulis
548 2591 752 2659 lexiarehicis
772 2594 923 2680 inscripti
933 2605 1027 2661 eraut
1040 2597 1202 2664 immunes
1212 2606 1307 2665 erant

115 2715 272 2784 omnibus
287 2714 430 2799 liturgiis
443 2711 486 2798 3);
514 2711 664 2778 militiam
687 2710 836 2798 equidem
861 2711 912 2778 his
936 2713 1211 2783 adnumerandam
1234 2737 1305 2785 esse

117 2856 181 2902 non
204 2853 333 2907 censam
356 2830 412 2898 sad
434 2851 488 2897 eos
511 2849 638 2916 quoque
660 2832 795 2898 militiae
820 2833 1017 2900 vacahonem
1038 2833 1188 2902 hahuisse
1207 2839 1305 2904 unius

116 2956 194 3022 anni
224 2961 262 3020 ut
291 2951 479 3018 ordinarent
510 2970 561 3016 ras
594 2948 787 3017 domesticas
819 2950 895 3017 hinc
917 2970 956 3018 ex
978 2952 1124 3039 analogia
1146 2956 1308 3023 coniicere

117 3075 204 3141 licet.
244 3069 394 3153 Quodsi,
416 3078 453 3135 ut
475 3067 566 3135 lacilc
585 3068 665 3135 mihi
686 3068 877 3154 persuadeo,
897 3089 1010 3136 verum
1031 3079 1093 3150 est,
1116 3073 1307 3144 Aeschinem

116 3214 182 3261 non
211 3191 350 3278 amplius
379 3187 544 3256 Aristoteli
575 3198 772 3274 pugnantem
801 3189 973 3266 hahemus;
997 3190 1051 3258 hic
1074 3193 1160 3259 enim
1185 3192 1224 3261 de
1248 3196 1306 3275 iis,

116 3313 174 3399 qui
208 3309 396 3397 parentibus
425 3307 495 3375 orbi
526 3317 623 3384 sunt,
656 3307 709 3374 ille
741 3310 889 3376 universe
919 3309 959 3376 de
992 3312 1141 3379 omnihus
1163 3313 1308 3401 loquitur

115 3429 261 3508 civibus;
284 3427 340 3495 sed
359 3434 524 3514 praeterea
544 3426 629 3513 ap'ud
652 3427 855 3494 Aristotelem
873 3448 982 3495 sermo
1002 3438 1051 3496 est
1071 3450 1134 3496 non
1154 3430 1306 3498 deomni·

159 3727 189 3794 1)
217 3743 240 3777 v.
269 3719 426 3789 περίπολος.
465 3723 600 3790 Legunlur
620 3717 693 3772 haec:
713 3722 762 3770 τὸν
776 3719 911 3786 δεύτερον
927 3717 1052 3769 ἐνιαυτὸν
1066 3718 1211 3785 ἐκκλησίας
1225 3724 1254 3773 ἓν
1269 3727 1308 3793 τῷ

116 3815 231 3881 θεάτρῳ
254 3809 403 3876 γενομένης
423 3805 626 3868 ἀποδεξάμενον
651 3806 690 3872 τῷ
718 3805 796 3870 δήμῳ
822 3801 891 3869 nupt
913 3803 962 3859 τὰς
983 3801 1074 3860 τάξεις
1097 3801 1146 3851 sul
1172 3803 1310 3866 taphug

118 3894 228 3948 ἀοοεὸδοι
248 3895 296 3944 καὶ
315 3890 383 3959 δόρυ
403 3891 479 3958 παρὰ
495 3889 545 3938 τοῦ
567 3888 656 3953 δήμου
675 3884 854 3953 περνοιολοῦοι
871 3885 923 3949 τὴν
940 3883 1033 3953 χώριν
1047 3883 1095 3934 sort
1115 3884 1310 3956 drarptfiwm

118 3982 148 4030 ἐν
166 3985 225 4036 τοῖς
242 3972 447 4042 φυλακτηρίοις.

154 4062 187 4133 2)
205 4060 224 4114 l.
236 4059 253 4114 l.
273 4062 323 4124 ut,
346 4060 379 4122 2,
394 4075 419 4128 p.
431 4057 481 4121 333
500 4051 544 4107 eff.
564 4069 631 4127 quae
649 4051 717 4106 Belre
732 4049 764 4104 de
783 4048 1207 4122 harpocrationiolooodispntarit
1218 4049 1309 4121 (schol,

117 4153 180 4227 hyp.
199 4152 253 4216 tlt,
277 4166 301 4220 p.
310 4148 364 4199 361
383 4146 465 4216 sqq.);
490 4141 595 4196 coniicit
613 4139 669 4195 scil.
691 4137 904 4200 ἀποδειξάμενον
919 4136 1051 4205 τῷδήμῳ
1066 4137 1134 4205 περὶ
1154 4139 1203 4196 τὰς
1219 4139 1310 4198 τάξειε

116 4250 145 4295 et
159 4239 365 4309 interpretatur;
384 4240 541 4305 »postquam
560 4229 654 4304 populo
673 4227 839 4302 probaverint
853 4246 880 4282 se
899 4228 993 4300 peritos
1011 4245 1064 4282 esse
1079 4246 1184 4295 eorum,
1200 4229 1309 4304 qnaead

118 4326 262 4383 militarem
279 4323 358 4377 aciem
379 4319 536 4393 pertinent.”
575 4318 650 4385 nihi,
671 4328 701 4372 ut
718 4315 813 4384 fatear,
827 4314 859 4371 de
877 4315 932 4371 loco
950 4314 1108 4372 difficillimo
1127 4336 1177 4372 non
1198 4317 1289 4392 liquet.

157 4419 186 4484 3)
207 4418 262 4487 hys.
283 4430 304 4467 c.
324 4409 418 4483 ningit.
439 4428 463 4482 p.
473 4409 541 4474 9⁰8,
558 4409 573 4476 §
593 4409 638 4462 et.
