2842 5018
678 263 740 326 127

109 445 329 522 abdicationa;
360 445 445 532 patri
477 444 539 514 luit
574 445 625 512 ius
655 445 767 514 liberis
791 465 908 516 nomen
932 448 1118 536 imponendi
1140 465 1173 523 et
1196 456 1225 522 si
1250 477 1304 524 ro.

110 568 227 636 luisset
255 565 433 642 adimendi;
464 565 548 654 quod
572 567 600 634 si
624 565 729 638 lacere
752 567 861 648 vellet,
886 589 967 656 opus
989 579 1059 637 erat
1082 579 1118 639 ut
1140 572 1237 640 buius
1258 576 1308 643 rei

111 707 225 760 omnes
257 687 413 754 certiores
442 685 562 754 laceret
584 706 720 774 eamque
744 707 802 774 per
823 708 1014 776 praeconem
1041 691 1307 778 promulgandam

111 814 255 876 curaret.
303 805 387 873 llaec
410 813 460 872 est
483 805 538 872 illa
561 807 794 894 promulgatio,
818 807 857 875 do
880 828 944 895 qua
968 817 1077 876 noster
1097 819 1206 878 orator
1225 813 1307 900 agit,

111 936 149 995 et
164 945 258 1014 spero
277 923 345 993 lore
366 931 402 992 ut
422 925 571 991 omnibus
591 925 625 991 in
645 935 810 1013 posterum
830 947 1021 1014 persuasum
1041 929 1083 995 sit
1102 929 1189 998 bunc
1201 931 1307 999 locum

112 1047 194 1114 nibil
227 1045 333 1113 iacere
363 1045 404 1112 ad
433 1044 667 1115 abdicationem
689 1067 786 1133 quam
809 1054 950 1116 tractare
974 1051 1150 1136 coepimus.
1197 1050 1246 1117 ab
1268 1051 1310 1119 iis

112 1187 190 1235 uero
210 1167 267 1254 qui
285 1172 403 1252 negent
422 1164 499 1231 haec
522 1166 567 1236 ita
587 1186 622 1232 se
642 1164 760 1234 habere
778 1166 958 1235 indicatum
979 1167 1073 1236 velim
1099 1169 1155 1238 urbi
1177 1169 1309 1238 tandem

114 1288 149 1354 in
169 1296 278 1358 nostro
298 1285 366 1353 loco
386 1285 514 1372 legatur
531 1287 602 1361 τοὺς
624 1288 743 1362 callae
764 1260 954 1370 θποννρῦξιιι
967 1288 1097 1356 licuisse
1109 1290 1309 1376 parentibus.

134 1406 281 1473 llovam
318 1406 421 1491 igitur
452 1407 661 1492 eognovimus
693 1406 816 1492 legem,
847 1427 910 1493 qua
939 1408 1142 1476 statuebatur
1165 1428 1309 1496 paren·

114 1527 236 1594 tibus
264 1527 333 1592 ius
364 1524 502 1593 luisse
524 1525 671 1592 liberis
694 1525 935 1612 imponendi
960 1546 1106 1595 nornen
1127 1537 1169 1595 ct
1194 1533 1229 1595 si
1249 1530 1310 1596 ita

115 1645 338 1713 voluerint
357 1644 560 1712 mutandi.
609 1645 718 1713 iocose
737 1645 967 1738 Aristophanes
981 1647 1006 1734 ¹)
1026 1657 1157 1716 enarrat
1180 1657 1309 1716 contro·

116 1770 257 1836 versiam
291 1769 377 1837 inter
412 1766 628 1854 Strepsiadcm
660 1768 793 1852 eiusque
826 1786 957 1833 uxorem
983 1777 1087 1834 ortam
1111 1789 1198 1846 esse,
1224 1768 1309 1854 quod

116 1905 235 1954 nomen
263 1906 322 1951 suo
351 1906 465 1952 recens
495 1893 571 1952 nato
600 1884 666 1950 filio
697 1887 918 1971 imponerent,
950 1906 1053 1973 neque
1077 1907 1206 1974 possum
1230 1887 1309 1973 quin

118 2006 190 2073 eius
213 2023 326 2071 versus
348 2003 546 2070 describam:

299 2125 384 2203 perat
407 2124 498 2191 ταῦθ’
519 2120 600 2196 ὅπως
623 2124 678 2205 νῷν
702 2121 815 2202 ἐγένεθ’
839 2123 902 2197 uide
925 2125 1026 2190 οὑποπθ

300 2244 370 2324 rael
392 2268 427 2310 ra
451 2244 487 2319 δὴ
511 2243 563 2308 sal
586 2253 625 2327 πῇ
649 2243 774 2322 roraret
797 2244 942 2327 τάγαθῇ,

301 2365 368 2447 περὶ
389 2361 577 2443 πούνθμιιπνς
600 2363 636 2438 ab
659 2365 789 2429 ’ντεῦθεν
812 2349 1054 2446 ἐλοιδορούμεθα·

301 2488 318 2561 ι)
342 2486 399 2564 μὲν
422 2485 487 2566 γὰρ
508 2482 601 2551 ἵππον
624 2484 791 2566 προσετίθει
814 2485 888 2568 πρὸς
910 2485 1059 2564 rodoara,

301 2604 472 2676 Ξθνθιππιν
496 2605 514 2682 ι’)
539 2603 700 2687 Χθμππον
723 2605 740 2682 ἢ
764 2605 998 2683 liutbrandus,

300 2726 362 2806 toa
386 2725 416 2791 al
439 2730 494 2792 aab
518 2723 652 2792 πθππνυ
673 2725 809 2806 ’πιθθμνν
831 2725 1016 2802 declarabas.
1097 2717 1101 2723 ¹

300 2845 376 2919 πέννς
399 2840 715 2927 absterrendos
740 2868 749 2887 ·
773 2843 843 2916 εἶναι
865 2849 908 2928 τῷ
931 2845 1030 2928 χρθνῳ

301 2974 382 3048 κοινῇ
406 2963 578 3044 ξυνέβημεν
602 2964 758 3044 κθθέμεθμ
783 2965 993 3040 Φειδιππίδην.

167 3087 215 3154 Ex
242 3083 423 3152 oratoribus
449 3082 565 3150 afferre
589 3083 734 3171 exempla
754 3083 873 3170 quibus
895 3090 1027 3170 apparet
1052 3091 1200 3170 parentes
1225 3104 1310 3151 sem·

119 3226 179 3296 per
201 3205 261 3272 boc
284 3204 355 3270 iure
379 3223 453 3269 usos
476 3223 545 3270 esse
569 3203 776 3289 supersedeo,
801 3223 874 3269 cum
901 3201 1020 3289 ubique
1041 3201 1128 3269 nulla
1146 3222 1244 3290 opera
1263 3206 1311 3270 in·

119 3325 225 3393 veniri
255 3325 393 3412 possint;
425 3342 586 3409 nusquam
609 3330 718 3390 tamen
743 3321 841 3389 incidi
865 3323 899 3388 in
923 3323 1063 3389 nominis
1087 3325 1310 3391 mutationem.

166 3443 261 3511 Nunc
284 3451 392 3510 tamen
412 3440 517 3509 oblata
537 3443 702 3508 occasione
722 3443 865 3529 primum
887 3441 1055 3510 videamus
1074 3442 1113 3509 de
1133 3443 1228 3510 modo
1248 3463 1311 3528 quo

122 3583 238 3630 nomen
277 3581 295 3628 a
330 3561 518 3648 parentibus
553 3559 662 3625 liberis
697 3561 765 3626 suis
801 3553 1032 3645 imponeretur.
1080 3560 1146 3627 Hoc
1177 3559 1312 3628 solemni

120 3683 216 3750 modo
246 3682 341 3748 fiebat
371 3680 495 3746 decimo
527 3678 579 3744 die
600 3686 769 3765 postquam
792 3678 899 3745 inians
923 3688 1018 3747 natus
1040 3677 1168 3768 erat²);
1191 3679 1314 3767 Harpo-

121 3803 246 3869 cration
259 3802 285 3888 ⁸)
310 3809 342 3868 ct
364 3799 480 3867 Suidas
492 3799 519 3886 ⁴)
546 3806 653 3865 tannen
673 3806 805 3864 auctore
825 3798 997 3866 Aristotele
1017 3796 1162 3865 referunt
1181 3796 1214 3864 id
1236 3817 1311 3885 quo·

118 3968 319 3988 μ

162 4076 190 4143 l)
210 4069 311 4136 Nubes,
333 4086 367 4122 vs.
388 4071 423 4122 60
442 4084 496 4141 sqq.

160 4163 190 4232 2)
210 4157 340 4214 Demostlr.
361 4155 416 4210 adr.
437 4159 535 4221 boeot„
556 4155 711 4226 p.1000‚§
731 4157 781 4221 20,
804 4157 925 4226 p1001,
946 4156 1030 4225 §223
1051 4157 1081 4210 lu.
1098 4153 1132 4210 de
1146 4152 1239 4230 Pyrrhi
1258 4153 1313 4212 her.

122 4270 148 4324 p.
159 4253 211 4317 41,
233 4250 248 4318 0
269 4251 313 4301 30.

161 4342 192 4409 3)
212 4356 235 4393 v.
256 4331 488 4397 ἑβδομευομθνον.
1062 4377 1065 4383 ,

162 4430 192 4498 4)
212 4445 235 4480 r.
257 4420 434 4490 δεκατεύειν,
456 4418 488 4475 cl.
503 4437 606 4494 quoque
625 4437 650 4476 r.
670 4415 889 4484 istdopaodperc.
990 4479 991 4484 Ἰ
