2842 5018
690 236 731 296 tto

115 426 239 512 pserint
280 423 379 490 meris
413 419 607 486 coniecturis
642 419 714 483 niti.
783 417 845 484 Alii
881 426 989 486 autem
1025 419 1118 506 plane
1153 422 1305 488 reiioiunt

115 542 301 612 huiusmodi
325 542 483 618 aetioneS,
516 539 613 604 nimis
638 546 759 604 temere
783 540 909 624 opinor,
934 560 1009 605 nam
1034 548 1071 606 ut
1094 559 1180 606 nunc
1205 542 1303 607 etiam

114 664 191 730 olim
215 663 351 728 divortia
376 681 502 747 semper
526 659 638 726 multis
661 659 773 726 litibus
797 660 932 725 obnoxia
952 659 1052 726 luisse
1071 679 1132 725 non
1152 659 1304 746 estquod

114 804 269 870 negemus
282 786 321 870 ¹).

619 965 786 975 ...u—...-

691 1137 725 1203 2.

312 1403 351 1446 Db
375 1402 413 1446 118
437 1401 515 1456 QUAE
538 1400 720 1445 uelamento
743 1399 842 1445 FlNl'l'O
865 1400 1104 1454 CONSEQUUNTUR.

158 1625 225 1689 lam
262 1623 428 1688 videamus
453 1620 530 1707 quid
562 1621 769 1686 matrimonio
793 1619 883 1684 linito
907 1620 993 1705 leges
1017 1620 1244 1686 mandaverint
1267 1619 1304 1685 de

113 1745 287 1828 coniugum
314 1742 406 1807 bonis
429 1750 526 1827 atque
550 1740 590 1806 de
612 1739 734 1806 liberis

176 1985 211 2048 Α.
237 1983 290 2049 De
314 1984 371 2047 iis
394 2000 499 2067 quae
521 1982 796 2046 matrimonio
820 1980 951 2045 linito
974 2000 1240 2066 consequun-

412 2110 482 2166 tur
506 2099 642 2186 quoad
666 2120 764 2188 opes
788 2108 998 2186 spectant.

156 2342 193 2407 ln
228 2340 276 2405 his
309 2340 480 2425 praecipue
503 2339 663 2424 agendum
688 2341 751 2404 erit
774 2339 814 2405 rle
837 2338 928 2416 dote,
952 2359 1025 2405 nam
1051 2338 1176 2426 reliqua
1201 2341 1304 2424 magis

110 2462 273 2548 pertinent
306 2459 345 2525 ad
375 2461 426 2524 ius
457 2458 706 2533 hereditarium
736 2458 886 2526 bifariam
912 2468 1021 2526 autem
1044 2459 1122 2525 haec
1147 2459 1305 2525 dividitur

110 2581 304 2668 disquisitio.
351 2577 535 2664 Indaganda
557 2587 633 2644 sunt
651 2581 736 2644 enim
758 2579 873 2645 iuris
893 2580 1104 2645 instituta
1127 2579 1174 2646 de
1191 2580 1304 2645 dote:

245 2701 260 2765 l
284 2707 449 2765 mortuo
473 2699 691 2764 alterutro
714 2701 962 2785 coniugum

228 2821 257 2886 ll
281 2819 474 2884 divortio
496 2818 634 2884 locum
659 2819 855 2885 habente.

154 2942 177 3007 l.
203 2941 245 3026 o).
292 2939 454 3005 Mortuo
487 2940 642 3005 marito
675 2939 706 3027 1)
739 2959 829 3004 cum
859 2937 992 3005 liberi
1026 2941 1116 3005 nati
1140 2947 1302 3013 esseut,

108 3071 241 3128 mater
263 3060 298 3149 u)
323 3059 568 3127 remanebat
601 3061 640 3124 in
674 3061 820 3125 mariti
858 3059 976 3125 domo
1007 3058 1137 3125 donec
1162 3058 1236 3123 dos
1260 3059 1303 3122 li·

109 3183 225 3248 beris
274 3181 609 3247 adscribebatur
656 3188 727 3245 eut
760 3181 797 3267 β)
831 3180 1114 3266 relinquebat
1157 3181 1304 3245 mariti

109 3302 269 3367 domum
305 3309 344 3366 et
379 3320 467 3365 eum
504 3300 599 3365 dote
627 3300 936 3366 revertebatur
971 3302 1012 3364 in
1046 3320 1211 3366 manum
1237 3301 1301 3366 sui

109 3422 254 3503 κυρίου.

154 3541 201 3628 o).
250 3542 339 3607 lnter
381 3540 636 3607 demosthenicas
670 3543 832 3607 orationes
867 3549 973 3607 exstat
1010 3541 1112 3606 oratio
1147 3540 1302 3606 aduersus

108 3662 328 3748 Pbaenippum
360 3663 477 3728 incerti
512 3663 665 3728 auctoris.
714 3660 847 3739 Orator,
877 3663 1024 3748 quisquis
1051 3660 1104 3727 ille
1127 3658 1208 3738 luit,
1233 3649 1317 3746 per?

108 3783 196 3848 venit
226 3801 301 3848 cum
333 3780 515 3868 Pbaenippo
541 3781 581 3846 erl
613 3781 769 3846 bonorum
799 3783 1082 3867 permutationem,
1118 3799 1193 3844 cum
1221 3779 1302 3844 desi·

108 3911 225 3988 gnatus
246 3903 331 3968 inter
349 3909 510 3967 trecentos
531 3901 571 3966 ad
591 3899 780 3966 sustinenda
801 3920 898 3966 onera
919 3901 1065 3986 graviora
1088 3898 1303 3985 reipublicae

110 4021 300 4091 ostendisset
325 4022 411 4088 hunc
436 4043 470 4088 se
494 4021 734 4106 locupletiorem
760 4040 796 4085 eo
820 4040 954 4086 munere
978 4020 1098 4086 iniuria
1122 4028 1221 4105 atque
1244 4038 1301 4084 suo

107 4203 316 4219 m

77 4358 83 4378 ,
146 4315 177 4381 1)
205 4309 248 4365 eff.
278 4311 353 4365 bleier
382 4320 407 4362 et
435 4309 552 4363 Scboern.
578 4316 626 4363 ett.
656 4325 723 4380 proc.
750 4327 774 4380 p.
786 4313 853 4376 415,
875 4309 978 4363 Platner
1001 4307 1025 4364 d.
1046 4327 1113 4383 proc.
1135 4312 1175 4376 ll,
1197 4329 1220 4383 p.
1232 4313 1302 4377 270,

109 4399 220 4468 lleffter,
241 4400 294 4456 ath.
315 4418 366 4474 ger.
387 4401 489 4472 puto,
509 4401 590 4465 Gom,
611 4395 745 4463 erbrecht,
766 4399 794 4463 1,
816 4417 838 4470 p.
851 4401 912 4453 311.
