2842 5018
655 291 695 351 95

79 474 171 541 nobis
192 473 259 540 lere
282 472 475 559 persuadent
499 491 691 538 consensum
717 473 936 539 necessarium
958 493 1043 551 esse,
1065 477 1119 542 sed
1138 497 1269 545 accura-

77 597 146 661 tius
178 595 309 659 tractati
338 599 395 657 sut
425 591 505 657 nihil
538 591 672 677 probant
702 602 760 658 aut
788 602 932 677 arguunt
955 613 1022 660 rem
1045 615 1116 662 sese
1138 615 1201 662 nou
1224 599 1269 664 ita

78 716 207 782 habere.
255 713 366 778 Isaeus
388 731 417 777 e.
444 732 476 797 g.
499 712 654 798 narrat¹)
686 711 929 797 Apollodorum,
952 714 1268 802 circumspicientem

77 852 174 921 quem
207 833 393 920 adoptaret,
414 850 556 898 sororem
582 851 691 908 suam,
715 851 813 918 quam
838 833 972 899 maximi
994 833 1131 915 laceret,
1153 836 1269 904 adiisse

77 946 1270 1043 etpetisseutsiltilicereteiusliliumadoplare,quod

78 1074 275 1161 impetravit.
321 1071 409 1138 Nihil
441 1071 499 1137 hoc
528 1071 596 1136 loco
619 1071 659 1137 de
683 1091 840 1137 consensu
864 1075 1044 1138 necessario
1067 1076 1189 1160 agilum
1215 1096 1271 1143 ne·

79 1215 141 1281 quc
165 1200 284 1270 meter,
309 1211 391 1277 quae
411 1193 479 1278 ipsa
497 1210 625 1276 semper
645 1192 677 1256 in
698 1190 832 1257 alterius
851 1212 950 1258 manu
969 1203 1057 1272 erat,
1079 1215 1269 1263 consensum

78 1316 156 1380 dare
188 1320 323 1400 poterat.
372 1313 541 1378 Praeterea
574 1311 658 1376 lilius
691 1312 758 1397 ipse
782 1312 845 1376 iam
870 1313 921 1377 sui
947 1313 1028 1378 iuris
1051 1323 1131 1381 erat.
1181 1316 1271 1383 Alius

78 1430 226 1521 orator²)
259 1440 372 1498 narrat
403 1430 596 1516 Plangonem
620 1432 815 1498 concessisse
837 1439 874 1496 ut
898 1430 954 1496 filii
978 1431 1208 1518 adoptarentur
1232 1436 1273 1502 ab

79 1558 182 1642 ipsius
207 1552 376 1626 iratribus;
409 1551 493 1637 quod
518 1550 599 1616 uilril
622 1549 710 1617 aliud
734 1550 918 1637 significare
937 1552 1065 1619 videtur
1090 1554 1151 1620 nisi
1177 1555 1272 1621 Plan·

78 1693 193 1760 gonem
218 1676 249 1738 in
276 1692 310 1739 se
332 1674 493 1758 recepisse
516 1691 551 1738 se
575 1691 635 1737 non
661 1669 904 1737 adversatorem
928 1692 1000 1738 esse
1020 1676 1194 1759 quominus
1214 1675 1272 1741 lilil

81 1797 131 1861 sui
156 1814 175 1859 a
199 1792 352 1859 iratribus
376 1794 444 1857 suis
468 1791 709 1877 adoptarentur.
758 1791 870 1855 Restat
893 1799 1001 1857 tamen
1025 1793 1106 1859 lsaci
1127 1798 1271 1862 testimo·

82 1914 174 1976 nium
193 1910 443 1995 haudquaquam
466 1908 682 1994 spernendum
697 1907 739 1992 ³);
761 1907 929 1986 Menecles,
948 1909 1076 1976 orbitati
1098 1932 1173 1979 suae
1194 1914 1271 1980 dum

81 2029 249 2096 consulere
285 2028 370 2105 vult,
406 2026 498 2094 fratri
530 2047 587 2092 suo
619 2027 753 2091 unicum
785 2023 885 2091 lilium
921 2037 1033 2094 uatum
1067 2051 1135 2096 esse
1169 2031 1273 2108 uidel;

81 2156 248 2236 propterea
278 2150 306 2212 ei
338 2156 464 2232 turpe
494 2146 620 2211 videtur
652 2143 833 2229 postulare,
868 2153 903 2210 ut
930 2145 983 2212 hic
1006 2147 1066 2212 sibi
1093 2151 1123 2213 in
1147 2150 1273 2238 adopti-

81 2287 174 2335 onem
206 2268 320 2345 detur,
351 2286 426 2331 cum
450 2266 495 2330 ita
519 2283 618 2349 agens
641 2263 775 2329 fratrem
800 2261 864 2328 lilio
888 2265 1060 2332 orbaturus
1085 2271 1136 2335 sit.
1186 2269 1273 2351 Quae

81 2398 189 2454 tanuen
211 2389 320 2472 turpia
340 2393 436 2464 sunt,
457 2383 580 2449 idcirco
600 2383 724 2468 legibus
744 2403 806 2448 uon
828 2404 955 2471 semper
974 2394 1141 2464 vetantur;
1162 2390 1273 2456 eodem

81 2511 154 2574 iure
184 2505 276 2573 nobis
306 2516 401 2592 turpe
425 2505 527 2570 videri
553 2505 651 2589 possit
677 2512 747 2588 post
770 2504 872 2591 patris
896 2506 1018 2572 obitum
1044 2510 1108 2593 peti
1132 2509 1276 2594 potuisse

83 2648 100 2693 a
126 2630 269 2713 proximo
293 2635 428 2712 cognato
454 2633 488 2689 ut
513 2622 578 2690 filia
600 2622 796 2690 hereditaria
821 2644 840 2690 a
865 2633 955 2710 patre
978 2628 1043 2692 iam
1067 2626 1188 2693 elocata
1213 2627 1276 2694 sibl

84 2746 343 2824 adiudicaretur,
386 2745 449 2810 nisi
493 2751 583 2828 pater
614 2750 809 2811 testamento
844 2743 927 2812 filiae
962 2747 1116 2813 maritum
1152 2747 1202 2814 vel
1235 2766 1276 2814 ex

83 2867 193 2934 liberis
216 2868 286 2933 eius
310 2865 449 2951 aliquam
473 2862 705 2949 adoptauisset;
730 2862 790 2929 hoc
813 2873 921 2929 tamen
945 2863 995 2929 lox
1014 2866 1112 2930 attica
1134 2865 1273 2934 iubebat.

84 2985 223 3063 Deinde,
254 2983 340 3071 quod
363 2984 474 3049 lsacus
498 2982 557 3048 hoe
585 2981 653 3048 loco
678 2991 804 3069 turpe
830 2988 955 3047 tantum
980 2981 1076 3058 dicit,
1102 2982 1135 3048 id
1158 2985 1276 3052 incula-¹

84 3114 193 3173 scente
224 3105 368 3170 oratioue
380 3104 405 3190 ⁴)
438 3102 505 3168 lere
536 3103 694 3168 iniustum
720 3102 772 3176 fin
798 3101 931 3168 »lubens
953 3103 1103 3179 autem,''
1128 3103 1278 3191 indigna·

85 3225 214 3293 hundos
245 3224 417 3300 exclamat,
450 3222 510 3288 »alr
541 3221 741 3301 adversario,
770 3222 827 3308 qui
850 3241 963 3308 sapere
983 3241 1018 3288 se
1042 3222 1139 3302 dicit,
1163 3244 1280 3312 coguo-
1354 3294 1356 3299 ,

85 3347 165 3424 rim,
198 3363 370 3431 quemnam
402 3351 611 3428 cognatorum
640 3342 792 3428 adoptare
815 3342 971 3409 Menecles
994 3342 1173 3420 debuisset:
1198 3366 1277 3413 uum

85 3467 182 3530 istius
201 3463 328 3529 lilium?
366 3463 484 3549 atqui
509 3463 546 3527 ei
570 3461 715 3526 lilium
739 3480 858 3527 suum
883 3480 961 3527 non
983 3464 1279 3530 concessisset

85 3585 174 3671 prole
203 3605 238 3651 se
270 3585 339 3670 ipse
369 3582 520 3648 orbans.’'
567 3581 629 3661 Qui
653 3580 742 3646 locus
765 3581 793 3646 si
817 3580 904 3646 solus
926 3590 1068 3648 exstaret
1092 3581 1131 3648 de
1152 3582 1276 3669 adopti-

85 3724 164 3780 one,
198 3704 309 3789 negari
340 3722 403 3767 non
434 3708 542 3787 posset
571 3701 670 3781 κυρίου
701 3719 893 3766 consensum
919 3701 1138 3767 necessarium
1161 3698 1277 3776 iuisse;

85 3833 181 3891 caute
202 3832 310 3890 tamen
325 3819 490 3888 'eiusmodi
509 3817 614 3885 effatis
634 3817 788 3885 utendum
810 3829 876 3896 est,
897 3837 955 3886 neu
973 3820 1137 3886 vocabulis
1156 3823 1277 3905 atqui

85 3946 125 4011 ei
157 3944 302 4010 lilium
333 3958 452 4005 suurn
476 3957 555 4003 uon
578 3940 880 4003 concessisset
905 3939 1058 4004 maiorem
1083 3938 1149 4005 vim
1174 3939 1279 4008 inesse

89 4094 312 4112 unm-¹·

124 4186 155 4254 1)
174 4182 207 4236 de
227 4179 310 4253 Apoll.
331 4177 384 4232 her.
407 4197 429 4248 p.
441 4179 492 4243 61,
512 4177 527 4245 p
550 4178 592 4229 tt.

124 4276 155 4342 2)
175 4266 335 4340 [nemmem]
354 4285 375 4318 c.
394 4269 476 4318 Boeot.
499 4284 522 4337 p.
534 4267 622 4330 1011,
645 4264 659 4330 d
698 4266 723 4317 0.

126 4363 155 4430 3)
175 4360 207 4412 dc
227 4362 292 4412 llen.
312 4355 364 4410 her.
385 4357 400 4424 p
421 4356 463 4407 10.

127 4451 156 4520 l)
175 4445 237 4502 ibid.
258 4447 272 4515 1
292 4448 337 4500 21.
