2842 5018
650 282 711 341 rut

89 467 220 534 finitum
251 473 320 531 crat
334 464 358 551 ¹)
394 484 452 530 nec
475 462 601 529 deliniri
626 471 767 548 poterat,
793 482 867 530 cum
891 463 972 532 aliae
996 465 1083 533 aliud
1105 466 1283 555 pubertatis

90 596 221 673 tempus
244 583 409 651 haberent.

137 705 199 772 Sed
229 702 431 771 redeundum
459 711 508 769 est
532 701 572 769 ad
594 704 727 769 atticam
748 702 905 769 familiam
928 714 961 772 et
984 707 1095 792 paucis
1118 706 1283 774 videamus

89 825 169 913 quid
194 824 263 891 lieri
288 843 419 891 necesse
438 822 552 900 luerit,
575 842 649 888 cum
671 831 762 908 pater
783 831 966 890 moreretur
987 824 1051 891 filia
1072 832 1199 891 tantum
1221 843 1285 892 uua

90 944 257 1033 impubere
288 943 412 1010 relicta.
467 942 556 1007 Hanc
589 949 754 1027 tamquam
789 942 948 1023 ἐπίκληρον
976 962 1016 1009 ex
1047 943 1173 1029 legibus
1204 962 1285 1030 quas

90 1085 190 1154 supra
214 1063 426 1132 tractavimus
439 1062 464 1150 ²)
490 1063 524 1127 in
550 1062 620 1128 iure
643 1061 704 1126 sibi
724 1059 906 1128 vindicabat
926 1063 1093 1148 proximus
1113 1071 1283 1149 cognatum

90 1188 120 1253 si
151 1193 241 1252 tutor
271 1185 301 1251 ci
333 1191 406 1270 post
438 1182 540 1269 patris
570 1189 707 1248 mortem
739 1181 835 1248 datus
865 1189 967 1260 asset,
992 1181 1045 1250 bio
1069 1185 1138 1269 ipso
1161 1182 1286 1269 puellae

91 1305 299 1374 matrimonio
331 1301 432 1369 tutela
464 1322 499 1368 se
528 1299 693 1368 abdicasse
716 1301 862 1380 videtur,
885 1302 930 1368 ita
955 1311 991 1369 ut
1014 1303 1111 1369 buius
1134 1302 1286 1388 pubertas

92 1425 189 1492 simul
214 1423 333 1491 tutelae
357 1421 454 1489 linem
478 1422 667 1508 imponeret.
717 1420 751 1487 Si
774 1421 883 1510 plures
905 1430 1015 1489 essent
1035 1422 1167 1489 relictae
1186 1421 1284 1500 tiliae,

90 1548 125 1612 in
156 1543 306 1611 omnibus
337 1542 423 1610 idem
456 1541 561 1608 tiebat.
612 1540 674 1608 Sed
701 1541 779 1608 baec
799 1544 923 1621 omnia,
948 1542 1024 1609 licet
1049 1541 1285 1609 verisimillima

92 1667 175 1744 siut,
200 1665 328 1752 probari
352 1683 417 1730 non
440 1671 584 1749 possunt.

139 1787 213 1852 Post
244 1785 370 1852 finitam
404 1781 610 1869 imperfectae
641 1782 758 1850 aetatis
791 1781 925 1848 tutelam
957 1801 1068 1848 omnes
1091 1780 1228 1848 laminae
1253 1782 1286 1846 in

96 1905 194 1985 copton
218 1923 350 1971 manum
375 1902 567 1970 transibant.
615 1902 680 1968 Hoc
704 1901 772 1968 loco
794 1921 857 1968 uno
881 1903 913 1967 in
936 1909 1110 1987 conspectu
1129 1901 1218 1967 lubet
1237 1920 1285 1968 re·

96 2031 205 2112 petere
234 2024 311 2109 quis
337 2023 494 2110 cuiusque
527 2022 665 2090 feminae
698 2024 794 2103 κύριος
826 2021 942 2100 luerit,
978 2020 1062 2107 quod
1085 2021 1185 2087 variis
1207 2021 1287 2088 locis

95 2144 161 2210 iam
181 2141 407 2211 indicavimus.
444 2144 547 2209 Primi
568 2144 600 2208 in
622 2163 756 2212 censum
776 2142 910 2209 veniunt
926 2150 1018 2229 pater
1035 2140 1134 2209 irater
1153 2160 1232 2207 avus
1245 2140 1286 2228 ³),

93 2273 165 2330 tum
198 2263 355 2341 maritus,
386 2261 442 2329 sed
474 2264 503 2329 si
532 2262 653 2329 femina
684 2282 747 2329 non
778 2271 827 2329 est
857 2262 1016 2343 ἐπίκληρος
1039 2268 1168 2329 tantum
1190 2261 1223 2325 in
1246 2261 1287 2326 iis

93 2382 193 2450 rebus
218 2402 299 2468 quae
318 2385 387 2470 ipso
407 2385 606 2450 matrimonii
627 2393 771 2471 tempore
792 2383 896 2450 locum
919 2382 1086 2471 habent4).
1134 2382 1191 2449 Sin
1214 2400 1290 2448 vero

92 2504 340 2571 matrimonium
373 2504 523 2582 solvitur,
554 2505 674 2572 lentina
703 2507 734 2571 in
761 2507 877 2591 prioris
900 2507 998 2586 κυρίου
1024 2523 1155 2570 uranum
1180 2521 1289 2569 rever·

93 2626 194 2702 titur,
227 2632 264 2690 ut
295 2624 451 2691 discimus
483 2626 625 2711 exemplo
657 2624 740 2691 tiliae
770 2626 910 2693 Neaerae
941 2644 998 2710 pro
1026 2643 1089 2710 qua
1113 2621 1289 2689 dimissaa

95 2746 214 2812 marito
237 2744 410 2812 Phrastore
432 2744 505 2812 dote
530 2766 591 2812 non
617 2745 742 2814 reddita
766 2745 966 2833 Stephanus,
987 2745 1042 2831 qui
1062 2762 1134 2810 eam
1155 2742 1288 2829 despou·

96 2865 202 2944 derat,
234 2866 266 2931 in
292 2868 363 2933 iure
386 2868 451 2953 egit
475 2887 513 2934 ex
536 2867 606 2953 lege
629 2868 668 2934 de
692 2866 765 2934 dote
789 2888 871 2953 quae
895 2867 1000 2933 iubet:
1027 2867 1074 2931 »si
1098 2865 1171 2950 quis
1194 2862 1289 2929 dimi·

95 2987 177 3053 serit
206 3006 356 3065 uxorem,
387 2986 501 3054 reddat
531 2987 655 3062 dotem;
679 2989 730 3053 sin
754 2988 863 3054 minus
887 3005 1000 3054 novem
1024 2984 1130 3051 obolos
1154 3001 1288 3050 usuram

96 3105 216 3194 pendat
233 3114 330 3193 atque
352 3127 409 3193 pro
430 3127 468 3174 ea
488 3107 528 3173 dc
547 3110 635 3173 victu
651 3106 689 3172 ad
704 3105 826 3173 Odeum
839 3115 913 3191 agat
927 3106 940 3170 t
953 3103 1122 3192 udp1045).”
1157 3103 1289 3170 Fratres

97 3246 202 3314 nepte
221 3245 301 3293 avus
321 3246 396 3293 cum
410 3229 600 3313 superstites
612 3236 703 3304 sunt,
716 3226 835 3293 semina
850 3233 900 3291 est
912 3226 1065 3307 ἐκίκλυρυς
1078 3232 1110 3291 et
1123 3223 1290 3310 proximus

97 3355 254 3434 cognatus
277 3347 348 3413 eius
370 3347 467 3428 κύριος
491 3348 595 3435 cstl),
618 3347 718 3414 donec
743 3347 800 3413 tilii
823 3366 862 3413 ex
885 3365 922 3413 ea
947 3347 1015 3413 nati
1039 3346 1089 3412 sui
1110 3343 1192 3410 iuris
1214 3349 1291 3409 sunt

96 3468 191 3544 lacti,
211 3488 275 3554 quo
299 3476 443 3553 tempore
463 3467 496 3533 hi
517 3468 632 3534 matris
652 3468 815 3554 huiusque
835 3465 1025 3534 facultatum
1046 3467 1137 3546 κύριοι
1155 3463 1237 3529 fiuant
1250 3462 1289 3550 ⁷).

143 3588 257 3655 Restat
294 3589 439 3673 quaestio
470 3589 620 3673 quisnam
653 3587 751 3655 luerit
781 3589 879 3670 κύριος
909 3586 1049 3654 feminae
1079 3603 1162 3671 quae
1193 3582 1290 3650 vidua

97 3707 183 3774 lacta
207 3727 282 3774 cum
307 3705 382 3772 liliis
405 3706 438 3771 in
463 3706 572 3771 mariti
596 3704 728 3772 aedibus
752 3714 951 3774 remanserat
975 3726 1033 3772 nec
1058 3711 1236 3772 reverterat
1257 3702 1289 3768 in

136 3922 167 3988 1)
185 3922 271 3992 pat,
293 3938 318 3972 n.
339 3923 365 3971 2.

135 4009 166 4078 2)
186 4011 256 4080 p.15
275 4025 329 4082 sqq.

136 4100 166 4167 3)
186 4099 251 4170 pa,
272 4115 296 4148 n.
318 4099 343 4149 7.

135 4189 166 4256 a)
185 4189 269 4258 aaa,
290 4203 315 4237 n.
337 4189 361 4238 a.
767 4173 771 4191 '
1006 4212 1012 4218 -

136 4277 167 4346 5)
186 4271 345 4344 [Demosth.]
364 4291 386 4328 o.
407 4275 492 4331 Neacr.
514 4277 793 4349 p.1aoa‚§52;ct.
814 4282 845 4333 ls.
865 4276 897 4332 dc
918 4273 1007 4351 Pyrrh.
1030 4272 1082 4328 lter.
1104 4291 1128 4346 p.
1138 4274 1189 4340 38,
1210 4273 1224 4342 t
1245 4275 1272 4326 8.

137 4365 167 4434 6)
186 4381 209 4434 p.
222 4366 272 4428 47,
293 4380 319 4415 n.
339 4366 364 4416 2.

137 4455 166 4524 7)
186 4448 263 4521 ibid,
283 4470 309 4506 n.
330 4455 354 4504 3.
