2842 5018
636 308 677 368 55

54 490 244 558 arehoutem
276 490 443 572 ἀπόλειψιν
473 488 658 573 υράψιιπάυι
689 487 841 565 debebat,
873 499 909 555 ut
944 488 1114 555 eouiieitur
1145 488 1249 555 exiis

54 629 137 698 quae
161 618 270 676 orator
293 611 326 675 iu
350 611 495 676 oratioue
518 609 557 675 de
575 609 692 697 Pyrrhi
717 609 933 698 hereditate1)
955 609 1179 676 adversarium
1199 627 1249 674 ro·

55 741 128 818 gat,
170 739 206 797 ut
244 730 484 796 demonstretur
516 749 629 795 revera
658 727 827 808 ἀπόλειψιν
858 727 976 795 saetam
1011 748 1100 795 esse:
1136 725 1250 814 »apud

56 869 153 937 quem
187 850 376 916 areheutem
408 849 526 916 muiier
549 849 751 915 denuntiavit
777 869 811 915 se
835 849 929 915 dome
954 849 1064 914 meriti
1088 846 1174 914 ultro
1197 866 1248 916 ex·

59 969 241 1036 cessisse?’'

103 1090 164 1171 Qui
195 1090 279 1155 haue
311 1090 394 1155 iuris
423 1090 515 1155 attici
546 1097 669 1174 partem
701 1097 923 1156 tractaverunt
949 1088 1015 1155 iere
1039 1110 1150 1159 omues
1173 1114 1249 1160 eou-

55 1209 194 1276 tendunt
215 1208 384 1275 mulierem
405 1211 507 1295 ipsam
529 1209 722 1304 areiroutem
737 1208 826 1275 adire
846 1208 996 1276 debuisse
1015 1219 1111 1298 atque
1131 1215 1162 1279 ei
1184 1223 1249 1280 ira-

56 1328 133 1396 dere
156 1331 313 1415 seriptum
336 1329 370 1393 iu
395 1348 458 1414 quo
481 1329 663 1413 expositum
686 1335 788 1406 esset,
813 1349 913 1414 quare
937 1329 1111 1398 divortium
1137 1352 1155 1398 a
1179 1353 1248 1400 rua·

56 1451 120 1517 ritu
151 1456 283 1535 cuperet
297 1449 335 1536 ²).
383 1447 505 1513 Errant
536 1449 592 1533 qui
624 1449 670 1513 iia
693 1456 945 1536 censentesque
969 1450 1114 1517 oblivisci
1138 1453 1249 1520 videu-

55 1579 112 1636 tur
142 1570 224 1637 iuris
256 1568 386 1654 regulae
414 1567 544 1634 mulieri
569 1587 631 1634 uun
656 1588 726 1634 esse
746 1576 937 1654 potestatem
962 1571 994 1636 iu
1020 1573 1090 1638 iure
1114 1574 1247 1659 egendi,

56 1690 113 1757 sed
133 1691 163 1756 ei
181 1689 301 1756 auxilio
318 1689 417 1770 κυρίου
430 1709 509 1775 opus
530 1708 610 1754 esse.
658 1688 723 1754 Heu
741 1696 850 1754 temen
862 1690 1066 1775 aliquatenus
1079 1693 1208 1759 Piatuer
1221 1695 1247 1780 8)

57 1811 178 1887 sensit,
209 1811 265 1894 qui
291 1808 477 1874 dubitanter
500 1809 539 1874 de
563 1809 622 1873 hoe
646 1808 778 1873 divortii
801 1828 918 1893 genere
943 1809 1020 1874 haee
1042 1815 1247 1898 conseripsit:

59 1929 151 1993 „hier
179 1926 304 1992 seheiut
335 1926 405 1991 durs
434 1936 520 1992 erste
552 1948 587 1991 se
610 1927 673 1992 viel
696 1926 906 2010 ausgeureeht
930 1947 971 1993 zu
993 1929 1079 2006 sein,
1102 1928 1175 1996 dass
1198 1930 1251 1998 die

57 2046 132 2111 frau
155 2044 225 2111 sieh
248 2044 338 2111 nieht
362 2044 444 2111 ohne
465 2044 680 2130 hinlengliehe
701 2045 827 2130 gruude
846 2065 907 2111 veu
929 2047 1003 2114 dem
1022 2068 1142 2116 menne
1163 2058 1250 2117 iren·

58 2186 123 2233 neu
144 2167 263 2231 kounte
283 2165 351 2231 uud
369 2165 427 2231 das
447 2166 493 2231 sie
515 2165 602 2232 diese
623 2167 680 2255 (so
701 2165 823 2231 nieht
842 2166 990 2245 selbsi‚
1008 2167 1250 2236 doehdureh

58 2287 151 2353 ihre
183 2285 472 2372 verwaudteu)
506 2284 609 2352 dureh
639 2286 692 2352 die
723 2287 789 2361 δίκη
813 2288 1008 2368 ἀπολείψεως
1031 2290 1159 2375 gelteud
1184 2311 1249 2358 ma·

58 2407 141 2474 eben
170 2407 327 2472 musste.”
374 2405 478 2472 Imure
507 2426 598 2484 vero,
631 2426 692 2471 uou
728 2408 797 2492 ipsa
829 2407 884 2474 sed
919 2429 977 2495 ope
1011 2409 1115 2477 aliena
1149 2430 1250 2498 eaque

58 2528 109 2594 sui
141 2527 256 2608 κυρίου,
289 2525 374 2611 quod
405 2535 528 2591 veteres
551 2526 682 2592 disertis
707 2528 812 2594 verbis
836 2528 967 2608 docent,
991 2532 1035 2596 ita
1062 2539 1096 2596 ui
1121 2533 1252 2598 mireris

59 2648 216 2715 eiusmodi
241 2647 464 2713 testimonium
489 2666 621 2733 prorsus
643 2647 825 2733 neglectum
850 2669 930 2717 esse.
977 2650 1112 2717 Evolvas
1138 2652 1250 2718 Demu-

59 2769 182 2836 stheuis
210 2768 388 2833 orationem
418 2768 556 2852 priorem
581 2767 736 2834 adversus
760 2767 951 2849 duetorem,
976 2773 1008 2836 iu
1033 2792 1095 2858 qua
1121 2774 1250 2859 saepius

59 2909 166 2956 sermo
196 2895 246 2954 esi
273 2887 312 2953 de
342 2886 519 2966 ἀπολείψει.
566 2887 685 2953 Nullihi
716 2888 880 2955 iudicatur
907 2892 1001 2956 uxori
1035 2892 1096 2977 ipsi
1124 2895 1157 2956 iu
1180 2894 1252 2959 iure

59 3008 219 3095 egendum
240 3027 328 3081 esse,
354 3008 382 3072 si
405 3027 423 3072 a
444 3008 560 3073 marite
583 3007 748 3074 discedere
771 3007 883 3086 vellet,
904 3016 939 3073 at
961 3017 1074 3075 eontra
1096 3009 1252 3095 leguntur

59 3131 139 3196 haee
150 3130 197 3215 ⁴)>z
223 3128 397 3213 »nupsisse
419 3136 529 3194 eutem
549 3127 719 3195 mulierem
743 3147 780 3194 eu
803 3148 866 3213 que
891 3127 956 3193 dixi
980 3136 1125 3216 tempure
1146 3139 1178 3198 et
1201 3134 1251 3197 iu-

59 3259 149 3318 terea
191 3249 412 3314 intercessisse
442 3250 693 3315 controversiam
724 3250 810 3315 inier
841 3269 899 3314 nos
928 3258 961 3316 et
992 3259 1160 3338 postquem
1191 3272 1251 3338 ego

60 3373 112 3437 ius
131 3386 356 3456 persequerer,
376 3369 484 3432 istos
506 3364 610 3456 (οὗτοι)
631 3367 805 3435 divertium
826 3369 866 3436 ad
883 3371 1072 3437 archeuiem
1084 3371 1249 3449 retulisse,

59 3490 247 3576 siugulatim
273 3487 350 3553 haee
374 3485 454 3552 ruihi
476 3488 662 3554 testimonia
686 3490 822 3555 reeiie.”
870 3490 905 3555 Iu
932 3490 983 3557 his
1006 3511 1117 3558 omues
1140 3491 1251 3557 vident

59 3607 212 3678 vocabulo
233 3604 312 3673 οὗτοι
337 3625 400 3672 neu
425 3606 601 3690 significari
622 3608 809 3686 mulierem,
841 3610 897 3676 sed
920 3612 991 3677 eius
1014 3612 1110 3693 κύριοι
1134 3610 1248 3678 Ouelo-

58 3751 128 3798 rem
158 3727 306 3795 adiutum
339 3747 357 3793 a
389 3728 516 3793 marito.
574 3727 644 3794 uria
675 3748 803 3814 quoque
833 3728 937 3796 eidem
969 3732 1105 3797 orationi
1136 3732 1248 3797 insunt

96 4019 127 4086 1)
149 4020 248 4082 isaeus,
268 4036 293 4088 p.
304 4020 357 4081 45,
379 4018 393 4084 ψ
414 4018 456 4068 78.

95 4108 127 4175 2)
147 4104 261 4170 delitet,
290 4103 344 4158 ath.
374 4104 510 4176 geriehtsv.
542 4107 643 4177 uere,
672 4105 747 4158 ideier
776 4112 802 4157 et
825 4103 942 4158 Seheem.
972 4113 1019 4159 att.
1052 4124 1117 4180 pror.
1143 4127 1168 4179 p.
1179 4111 1248 4174 414,

57 4198 135 4262 Otto,
150 4199 222 4267 Spec.
242 4197 268 4247 ll
288 4194 320 4246 de
339 4201 401 4245 ecit.
422 4190 470 4246 for.
490 4193 551 4246 Ath.
572 4212 598 4264 p.
608 4196 658 4258 12,
679 4193 711 4246 de
731 4196 857 4260 Puderet,
878 4192 985 4247 histoire
1003 4193 1035 4248 de
1054 4195 1079 4249 le
1096 4195 1177 4268 legisl.
1199 4199 1248 4262 Vi,

78 4287 123 4338 23.

59 4289 76 4339 ⁴
96 4375 127 4442 ³)
147 4372 180 4426 de
198 4389 265 4444 pree.
286 4371 340 4424 und
359 4370 403 4426 die
421 4369 458 4427 kl.
479 4375 518 4439 11,
540 4373 636 4443 puro.

97 4465 127 4534 r)
148 4481 170 4536 p.
183 4464 252 4529 ese,
273 4462 287 4529 e
308 4464 350 4514 ιι.
