<?xml version="1.0" encoding="UTF-8"?>
<!DOCTYPE html PUBLIC "-//W3C//DTD XHTML 1.0 Transitional//EN"
    "http://www.w3.org/TR/xhtml1/DTD/xhtml1-transitional.dtd">
<html xmlns="http://www.w3.org/1999/xhtml" xml:lang="en" lang="en">
 <head>
  <title>
</title>
<meta http-equiv="Content-Type" content="text/html;charset=utf-8" />
  <meta name='ocr-system' content='tesseract 3.04.00' />
  <meta name='ocr-capabilities' content='ocr_page ocr_carea ocr_par ocr_line ocrx_word'/>
</head>
<body>
  <div class='ocr_page' id='page_1' title='image "./deiurefamiliaru00esgoog_0183.png"; bbox 0 0 2842 5018; ppageno 0'>
   <div class='ocr_carea' id='block_1_1' title="bbox 665 262 729 323">
    <p class='ocr_par' dir='ltr' id='par_1_1' title="bbox 665 262 729 323">
     <span class='ocr_line' id='line_1_1' title="bbox 665 262 729 323; baseline 0.016 -1"><span class='ocrx_word' id='word_1_1' title='bbox 665 262 729 323; x_wconf 81' lang='lat'>168</span> 
     </span>
    </p>
   </div>
   <div class='ocr_carea' id='block_1_2' title="bbox 107 442 1311 3998">
    <p class='ocr_par' dir='ltr' id='par_1_2' title="bbox 107 442 1310 530">
     <span class='ocr_line' id='line_1_2' title="bbox 107 442 1310 530; baseline 0 -18"><span class='ocrx_word' id='word_1_2' title='bbox 107 447 188 512; x_wconf 88' lang='lat' dir='ltr'>dide</span> <span class='ocrx_word' id='word_1_3' title='bbox 206 463 322 511; x_wconf 90' lang='lat' dir='ltr'>avarus</span> <span class='ocrx_word' id='word_1_4' title='bbox 344 443 405 509; x_wconf 86' lang='lat' dir='ltr'>luit</span> <span class='ocrx_word' id='word_1_5' title='bbox 426 452 462 510; x_wconf 96' lang='lat' dir='ltr'>ut</span> <span class='ocrx_word' id='word_1_6' title='bbox 483 442 532 508; x_wconf 93' lang='lat' dir='ltr'>vel</span> <span class='ocrx_word' id='word_1_7' title='bbox 553 450 776 530; x_wconf 78' lang='lat' dir='ltr'>praeceptores</span> <span class='ocrx_word' id='word_1_8' title='bbox 798 442 910 530; x_wconf 86' lang='lat' dir='ltr'>pupilli</span> <span class='ocrx_word' id='word_1_9' title='bbox 931 443 1078 511; x_wconf 82' lang='lat' dir='ltr'>mercede</span> <span class='ocrx_word' id='word_1_10' title='bbox 1099 443 1310 514; x_wconf 72' lang='lat' dir='ltr'>fraudaverit.</span> 
     </span>
    </p>

    <p class='ocr_par' dir='ltr' id='par_1_3' title="bbox 108 563 1311 3998">
     <span class='ocr_line' id='line_1_3' title="bbox 160 563 1310 650; baseline 0 -19"><span class='ocrx_word' id='word_1_11' title='bbox 160 563 413 632; x_wconf 86' lang='lat' dir='ltr'>Pretiosissimae</span> <span class='ocrx_word' id='word_1_12' title='bbox 434 563 547 650; x_wconf 84' lang='lat' dir='ltr'>Lysiae</span> <span class='ocrx_word' id='word_1_13' title='bbox 567 565 721 630; x_wconf 90' lang='lat' dir='ltr'>orationis</span> <span class='ocrx_word' id='word_1_14' title='bbox 742 570 853 629; x_wconf 90' lang='lat' dir='ltr'>contra</span> <span class='ocrx_word' id='word_1_15' title='bbox 873 563 1074 649; x_wconf 84' lang='lat' dir='ltr'>Diogitonem</span> <span class='ocrx_word' id='word_1_16' title='bbox 1087 563 1310 650; x_wconf 83' lang='lat' dir='ltr'>fragmentum</span> 
     </span>
     <span class='ocr_line' id='line_1_4' title="bbox 112 681 1311 769; baseline 0.001 -19"><span class='ocrx_word' id='word_1_17' title='bbox 112 693 240 750; x_wconf 87' lang='lat' dir='ltr'>tantum</span> <span class='ocrx_word' id='word_1_18' title='bbox 265 682 356 749; x_wconf 86' lang='lat' dir='ltr'>nobis</span> <span class='ocrx_word' id='word_1_19' title='bbox 379 691 427 750; x_wconf 90' lang='lat' dir='ltr'>est</span> <span class='ocrx_word' id='word_1_20' title='bbox 452 691 634 761; x_wconf 90' lang='lat' dir='ltr'>servatum,</span> <span class='ocrx_word' id='word_1_21' title='bbox 658 681 714 748; x_wconf 91' lang='lat' dir='ltr'>sed</span> <span class='ocrx_word' id='word_1_22' title='bbox 737 690 864 748; x_wconf 91' lang='lat' dir='ltr'>nostrae</span> <span class='ocrx_word' id='word_1_23' title='bbox 889 684 936 749; x_wconf 90' lang='lat' dir='ltr'>rei</span> <span class='ocrx_word' id='word_1_24' title='bbox 960 703 1057 769; x_wconf 86' lang='lat' dir='ltr'>quam</span> <span class='ocrx_word' id='word_1_25' title='bbox 1080 686 1224 750; x_wconf 86' lang='lat' dir='ltr'>maxime</span> <span class='ocrx_word' id='word_1_26' title='bbox 1247 704 1311 751; x_wconf 88' lang='lat' dir='ltr'>ser·</span> 
     </span>
     <span class='ocr_line' id='line_1_5' title="bbox 113 801 1311 890; baseline 0.001 -21"><span class='ocrx_word' id='word_1_27' title='bbox 113 806 211 871; x_wconf 90' lang='lat' dir='ltr'>viens.</span> <span class='ocrx_word' id='word_1_28' title='bbox 258 801 412 869; x_wconf 81' lang='lat' dir='ltr'>lliodotus</span> <span class='ocrx_word' id='word_1_29' title='bbox 427 802 451 890; x_wconf 85' lang='lat'>¹)</span> <span class='ocrx_word' id='word_1_30' title='bbox 477 801 587 868; x_wconf 85' lang='lat' dir='ltr'>fratris</span> <span class='ocrx_word' id='word_1_31' title='bbox 611 803 790 888; x_wconf 79' lang='lat' dir='ltr'>lliogitouis</span> <span class='ocrx_word' id='word_1_32' title='bbox 815 801 914 867; x_wconf 90' lang='lat' dir='ltr'>filiam</span> <span class='ocrx_word' id='word_1_33' title='bbox 935 801 1072 869; x_wconf 88' lang='lat' dir='ltr'>duxerat</span> <span class='ocrx_word' id='word_1_34' title='bbox 1093 810 1126 869; x_wconf 90' lang='lat' dir='ltr'>et</span> <span class='ocrx_word' id='word_1_35' title='bbox 1147 801 1311 889; x_wconf 86' lang='lat' dir='ltr'>prolectu-</span> 
     </span>
     <span class='ocr_line' id='line_1_6' title="bbox 111 920 1311 1008; baseline 0.002 -21"><span class='ocrx_word' id='word_1_36' title='bbox 111 942 169 988; x_wconf 89' lang='lat' dir='ltr'>rus</span> <span class='ocrx_word' id='word_1_37' title='bbox 193 920 231 988; x_wconf 92' lang='lat' dir='ltr'>ad</span> <span class='ocrx_word' id='word_1_38' title='bbox 255 920 375 988; x_wconf 89' lang='lat' dir='ltr'>bellum</span> <span class='ocrx_word' id='word_1_39' title='bbox 399 929 630 988; x_wconf 88' lang='lat' dir='ltr'>testamentum</span> <span class='ocrx_word' id='word_1_40' title='bbox 655 921 862 1007; x_wconf 89' lang='lat' dir='ltr'>conscripsit,</span> <span class='ocrx_word' id='word_1_41' title='bbox 888 921 920 986; x_wconf 91' lang='lat' dir='ltr'>in</span> <span class='ocrx_word' id='word_1_42' title='bbox 945 941 1008 1007; x_wconf 91' lang='lat' dir='ltr'>quo</span> <span class='ocrx_word' id='word_1_43' title='bbox 1033 923 1119 988; x_wconf 87' lang='lat' dir='ltr'>inter</span> <span class='ocrx_word' id='word_1_44' title='bbox 1142 922 1208 988; x_wconf 91' lang='lat' dir='ltr'>alia</span> <span class='ocrx_word' id='word_1_45' title='bbox 1230 943 1311 1008; x_wconf 90' lang='lat' dir='ltr'>quae</span> 
     </span>
     <span class='ocr_line' id='line_1_7' title="bbox 111 1039 1311 1127; baseline 0.001 -20"><span class='ocrx_word' id='word_1_46' title='bbox 111 1041 284 1107; x_wconf 90' lang='lat' dir='ltr'>mandabat</span> <span class='ocrx_word' id='word_1_47' title='bbox 316 1041 518 1127; x_wconf 77' lang='lat' dir='ltr'>lliogitonem</span> <span class='ocrx_word' id='word_1_48' title='bbox 548 1040 682 1108; x_wconf 87' lang='lat' dir='ltr'>fratrem</span> <span class='ocrx_word' id='word_1_49' title='bbox 714 1059 809 1106; x_wconf 91' lang='lat' dir='ltr'>suum</span> <span class='ocrx_word' id='word_1_50' title='bbox 842 1039 1017 1107; x_wconf 87' lang='lat' dir='ltr'>liberorum</span> <span class='ocrx_word' id='word_1_51' title='bbox 1048 1061 1186 1108; x_wconf 87' lang='lat' dir='ltr'>snorum</span> <span class='ocrx_word' id='word_1_52' title='bbox 1211 1062 1311 1108; x_wconf 87' lang='lat' dir='ltr'>avun-</span> 
     </span>
     <span class='ocr_line' id='line_1_8' title="bbox 111 1158 1310 1247; baseline 0.001 -20"><span class='ocrx_word' id='word_1_53' title='bbox 111 1160 221 1228; x_wconf 91' lang='lat' dir='ltr'>culum</span> <span class='ocrx_word' id='word_1_54' title='bbox 253 1169 285 1226; x_wconf 90' lang='lat' dir='ltr'>et</span> <span class='ocrx_word' id='word_1_55' title='bbox 317 1170 502 1228; x_wconf 89' lang='lat' dir='ltr'>maternum</span> <span class='ocrx_word' id='word_1_56' title='bbox 531 1180 627 1227; x_wconf 91' lang='lat' dir='ltr'>avum</span> <span class='ocrx_word' id='word_1_57' title='bbox 661 1168 800 1226; x_wconf 87' lang='lat' dir='ltr'>tutorem</span> <span class='ocrx_word' id='word_1_58' title='bbox 833 1158 949 1227; x_wconf 90' lang='lat' dir='ltr'>horum</span> <span class='ocrx_word' id='word_1_59' title='bbox 981 1161 1131 1247; x_wconf 79' lang='lat' dir='ltr'>scripsit,</span> <span class='ocrx_word' id='word_1_60' title='bbox 1156 1170 1251 1228; x_wconf 85' lang='lat' dir='ltr'>ratus</span> <span class='ocrx_word' id='word_1_61' title='bbox 1274 1162 1310 1228; x_wconf 90' lang='lat' dir='ltr'>oh</span> 
     </span>
     <span class='ocr_line' id='line_1_9' title="bbox 111 1279 1310 1367; baseline 0.003 -23"><span class='ocrx_word' id='word_1_62' title='bbox 111 1281 194 1346; x_wconf 88' lang='lat' dir='ltr'>hane</span> <span class='ocrx_word' id='word_1_63' title='bbox 218 1279 488 1347; x_wconf 91' lang='lat' dir='ltr'>necessitudinem</span> <span class='ocrx_word' id='word_1_64' title='bbox 514 1281 675 1346; x_wconf 91' lang='lat' dir='ltr'>neminem</span> <span class='ocrx_word' id='word_1_65' title='bbox 699 1280 802 1365; x_wconf 85' lang='lat' dir='ltr'>magis</span> <span class='ocrx_word' id='word_1_66' title='bbox 822 1286 969 1365; x_wconf 87' lang='lat' dir='ltr'>oportere</span> <span class='ocrx_word' id='word_1_67' title='bbox 991 1280 1113 1345; x_wconf 90' lang='lat' dir='ltr'>iustum</span> <span class='ocrx_word' id='word_1_68' title='bbox 1136 1301 1215 1367; x_wconf 83' lang='lat' dir='ltr'>erga</span> <span class='ocrx_word' id='word_1_69' title='bbox 1237 1300 1310 1347; x_wconf 91' lang='lat' dir='ltr'>suos</span> 
     </span>
     <span class='ocr_line' id='line_1_10' title="bbox 109 1397 1310 1486; baseline 0.002 -22"><span class='ocrx_word' id='word_1_70' title='bbox 109 1398 227 1466; x_wconf 88' lang='lat' dir='ltr'>liberos</span> <span class='ocrx_word' id='word_1_71' title='bbox 247 1419 328 1466; x_wconf 90' lang='lat' dir='ltr'>esse.</span> <span class='ocrx_word' id='word_1_72' title='bbox 377 1399 466 1465; x_wconf 90' lang='lat' dir='ltr'>llanc</span> <span class='ocrx_word' id='word_1_73' title='bbox 488 1419 564 1465; x_wconf 91' lang='lat' dir='ltr'>vero</span> <span class='ocrx_word' id='word_1_74' title='bbox 583 1419 672 1486; x_wconf 90' lang='lat' dir='ltr'>spem</span> <span class='ocrx_word' id='word_1_75' title='bbox 694 1400 842 1484; x_wconf 78' lang='lat' dir='ltr'>lliogiton</span> <span class='ocrx_word' id='word_1_76' title='bbox 864 1399 1052 1485; x_wconf 88' lang='lat' dir='ltr'>turpissime</span> <span class='ocrx_word' id='word_1_77' title='bbox 1064 1397 1193 1475; x_wconf 80' lang='lat' dir='ltr'>fefellit;</span> <span class='ocrx_word' id='word_1_78' title='bbox 1206 1403 1310 1466; x_wconf 92' lang='lat' dir='ltr'>occiso</span> 
     </span>
     <span class='ocr_line' id='line_1_11' title="bbox 110 1517 1307 1606; baseline 0 -19"><span class='ocrx_word' id='word_1_79' title='bbox 110 1519 196 1587; x_wconf 86' lang='lat' dir='ltr'>enim</span> <span class='ocrx_word' id='word_1_80' title='bbox 234 1517 334 1584; x_wconf 86' lang='lat' dir='ltr'>fratre</span> <span class='ocrx_word' id='word_1_81' title='bbox 368 1517 567 1604; x_wconf 89' lang='lat' dir='ltr'>amplissimo</span> <span class='ocrx_word' id='word_1_82' title='bbox 602 1519 796 1604; x_wconf 85' lang='lat' dir='ltr'>patrimonio</span> <span class='ocrx_word' id='word_1_83' title='bbox 831 1517 943 1585; x_wconf 89' lang='lat' dir='ltr'>relicto</span> <span class='ocrx_word' id='word_1_84' title='bbox 981 1519 1129 1604; x_wconf 83' lang='lat' dir='ltr'>lliogiton</span> <span class='ocrx_word' id='word_1_85' title='bbox 1166 1520 1307 1606; x_wconf 89' lang='lat' dir='ltr'>primum</span> 
     </span>
     <span class='ocr_line' id='line_1_12' title="bbox 111 1637 1307 1725; baseline 0.003 -23"><span class='ocrx_word' id='word_1_86' title='bbox 111 1637 209 1704; x_wconf 86' lang='lat' dir='ltr'>filiam</span> <span class='ocrx_word' id='word_1_87' title='bbox 230 1657 322 1704; x_wconf 90' lang='lat' dir='ltr'>suam</span> <span class='ocrx_word' id='word_1_88' title='bbox 343 1639 454 1704; x_wconf 89' lang='lat' dir='ltr'>mariti</span> <span class='ocrx_word' id='word_1_89' title='bbox 474 1645 610 1705; x_wconf 84' lang='lat' dir='ltr'>mortem</span> <span class='ocrx_word' id='word_1_90' title='bbox 632 1638 762 1718; x_wconf 91' lang='lat' dir='ltr'>celavit,</span> <span class='ocrx_word' id='word_1_91' title='bbox 784 1637 899 1705; x_wconf 89' lang='lat' dir='ltr'>deinde</span> <span class='ocrx_word' id='word_1_92' title='bbox 919 1645 1050 1725; x_wconf 88' lang='lat' dir='ltr'>nepotes</span> <span class='ocrx_word' id='word_1_93' title='bbox 1072 1638 1221 1705; x_wconf 89' lang='lat' dir='ltr'>omnihus</span> <span class='ocrx_word' id='word_1_94' title='bbox 1240 1639 1307 1707; x_wconf 87' lang='lat' dir='ltr'>lere</span> 
     </span>
     <span class='ocr_line' id='line_1_13' title="bbox 108 1756 1304 1846; baseline 0.003 -24"><span class='ocrx_word' id='word_1_95' title='bbox 108 1758 248 1846; x_wconf 90' lang='lat' dir='ltr'>privavit</span> <span class='ocrx_word' id='word_1_96' title='bbox 272 1757 387 1843; x_wconf 92' lang='lat' dir='ltr'>opibus</span> <span class='ocrx_word' id='word_1_97' title='bbox 410 1765 442 1823; x_wconf 91' lang='lat' dir='ltr'>et</span> <span class='ocrx_word' id='word_1_98' title='bbox 465 1756 596 1824; x_wconf 90' lang='lat' dir='ltr'>tandem</span> <span class='ocrx_word' id='word_1_99' title='bbox 620 1759 774 1825; x_wconf 90' lang='lat' dir='ltr'>maiorem</span> <span class='ocrx_word' id='word_1_100' title='bbox 800 1765 896 1834; x_wconf 88' lang='lat' dir='ltr'>natu,</span> <span class='ocrx_word' id='word_1_101' title='bbox 921 1778 995 1824; x_wconf 89' lang='lat' dir='ltr'>cum</span> <span class='ocrx_word' id='word_1_102' title='bbox 1020 1760 1071 1824; x_wconf 94' lang='lat' dir='ltr'>sui</span> <span class='ocrx_word' id='word_1_103' title='bbox 1097 1759 1177 1826; x_wconf 93' lang='lat' dir='ltr'>iuris</span> <span class='ocrx_word' id='word_1_104' title='bbox 1198 1759 1304 1826; x_wconf 88' lang='lat' dir='ltr'>sactus</span> 
     </span>
     <span class='ocr_line' id='line_1_14' title="bbox 110 1872 1308 1965; baseline -0.001 -21"><span class='ocrx_word' id='word_1_105' title='bbox 110 1885 212 1956; x_wconf 86' lang='lat' dir='ltr'>esset,</span> <span class='ocrx_word' id='word_1_106' title='bbox 243 1875 283 1944; x_wconf 86' lang='lat' dir='ltr'>ad</span> <span class='ocrx_word' id='word_1_107' title='bbox 307 1897 342 1943; x_wconf 91' lang='lat' dir='ltr'>se</span> <span class='ocrx_word' id='word_1_108' title='bbox 365 1877 490 1943; x_wconf 91' lang='lat' dir='ltr'>vocavit</span> <span class='ocrx_word' id='word_1_109' title='bbox 513 1877 606 1964; x_wconf 90' lang='lat' dir='ltr'>eique</span> <span class='ocrx_word' id='word_1_110' title='bbox 631 1876 712 1942; x_wconf 87' lang='lat' dir='ltr'>dixit</span> <span class='ocrx_word' id='word_1_111' title='bbox 738 1885 862 1964; x_wconf 91' lang='lat' dir='ltr'>patrem</span> <span class='ocrx_word' id='word_1_112' title='bbox 886 1872 956 1943; x_wconf 74' lang='lat' dir='ltr'>eicis</span> <span class='ocrx_word' id='word_1_113' title='bbox 981 1877 1026 1943; x_wconf 90' lang='lat' dir='ltr'>nil</span> <span class='ocrx_word' id='word_1_114' title='bbox 1051 1877 1221 1965; x_wconf 89' lang='lat' dir='ltr'>reliquisse</span> <span class='ocrx_word' id='word_1_115' title='bbox 1243 1881 1308 1944; x_wconf 91' lang='lat' dir='ltr'>nisi</span> 
     </span>
     <span class='ocr_line' id='line_1_15' title="bbox 110 1996 1311 2085; baseline 0.002 -23"><span class='ocrx_word' id='word_1_116' title='bbox 110 1997 226 2084; x_wconf 82' lang='lat' dir='ltr'>viginti</span> <span class='ocrx_word' id='word_1_117' title='bbox 262 1997 366 2062; x_wconf 90' lang='lat' dir='ltr'>minas</span> <span class='ocrx_word' id='word_1_118' title='bbox 398 2015 472 2061; x_wconf 92' lang='lat' dir='ltr'>cum</span> <span class='ocrx_word' id='word_1_119' title='bbox 505 1996 640 2080; x_wconf 82' lang='lat' dir='ltr'>triginta</span> <span class='ocrx_word' id='word_1_120' title='bbox 673 1996 848 2062; x_wconf 89' lang='lat' dir='ltr'>stateribus</span> <span class='ocrx_word' id='word_1_121' title='bbox 880 1998 1004 2074; x_wconf 89' lang='lat' dir='ltr'>aureis,</span> <span class='ocrx_word' id='word_1_122' title='bbox 1039 2017 1121 2083; x_wconf 92' lang='lat' dir='ltr'>quae</span> <span class='ocrx_word' id='word_1_123' title='bbox 1153 1999 1311 2085; x_wconf 90' lang='lat' dir='ltr'>pecuniae</span> 
     </span>
     <span class='ocr_line' id='line_1_16' title="bbox 111 2113 1310 2204; baseline 0.002 -22"><span class='ocrx_word' id='word_1_124' title='bbox 111 2135 238 2182; x_wconf 89' lang='lat' dir='ltr'>summa</span> <span class='ocrx_word' id='word_1_125' title='bbox 259 2134 372 2182; x_wconf 91' lang='lat' dir='ltr'>revera</span> <span class='ocrx_word' id='word_1_126' title='bbox 397 2117 490 2180; x_wconf 90' lang='lat' dir='ltr'>uxori</span> <span class='ocrx_word' id='word_1_127' title='bbox 513 2113 627 2182; x_wconf 90' lang='lat' dir='ltr'>relicta</span> <span class='ocrx_word' id='word_1_128' title='bbox 650 2122 720 2181; x_wconf 87' lang='lat' dir='ltr'>erat</span> <span class='ocrx_word' id='word_1_129' title='bbox 744 2135 763 2180; x_wconf 92' lang='lat' dir='ltr'>a</span> <span class='ocrx_word' id='word_1_130' title='bbox 785 2114 937 2193; x_wconf 81' lang='lat' dir='ltr'>lliodoto,</span> <span class='ocrx_word' id='word_1_131' title='bbox 958 2136 1032 2182; x_wconf 89' lang='lat' dir='ltr'>cum</span> <span class='ocrx_word' id='word_1_132' title='bbox 1054 2116 1107 2184; x_wconf 91' lang='lat' dir='ltr'>hic</span> <span class='ocrx_word' id='word_1_133' title='bbox 1128 2116 1310 2204; x_wconf 87' lang='lat' dir='ltr'>proficisce-</span> 
     </span>
     <span class='ocr_line' id='line_1_17' title="bbox 109 2209 1310 2320; baseline 0 -18"><span class='ocrx_word' id='word_1_134' title='bbox 109 2245 219 2314; x_wconf 90' lang='lat' dir='ltr'>retur,</span> <span class='ocrx_word' id='word_1_135' title='bbox 251 2234 307 2300; x_wconf 90' lang='lat' dir='ltr'>sed</span> <span class='ocrx_word' id='word_1_136' title='bbox 338 2233 378 2300; x_wconf 88' lang='lat' dir='ltr'>ab</span> <span class='ocrx_word' id='word_1_137' title='bbox 409 2254 445 2300; x_wconf 88' lang='lat' dir='ltr'>ea</span> <span class='ocrx_word' id='word_1_138' title='bbox 478 2233 637 2320; x_wconf 81' lang='lat' dir='ltr'>Diogitoni</span> <span class='ocrx_word' id='word_1_139' title='bbox 670 2235 788 2301; x_wconf 86' lang='lat' dir='ltr'>tradita</span> <span class='ocrx_word' id='word_1_140' title='bbox 816 2256 891 2301; x_wconf 91' lang='lat' dir='ltr'>curn</span> <span class='ocrx_word' id='word_1_141' title='bbox 916 2209 1026 2302; x_wconf 85' lang='lat' dir='ltr'>mariti</span> <span class='ocrx_word' id='word_1_142' title='bbox 1051 2238 1167 2302; x_wconf 89' lang='lat' dir='ltr'>mortis</span> <span class='ocrx_word' id='word_1_143' title='bbox 1190 2239 1310 2304; x_wconf 89' lang='lat' dir='ltr'>certior</span> 
     </span>
     <span class='ocr_line' id='line_1_18' title="bbox 110 2352 1307 2444; baseline 0.003 -24"><span class='ocrx_word' id='word_1_144' title='bbox 110 2355 195 2423; x_wconf 84' lang='lat' dir='ltr'>facta</span> <span class='ocrx_word' id='word_1_145' title='bbox 228 2363 312 2421; x_wconf 85' lang='lat' dir='ltr'>esset</span> <span class='ocrx_word' id='word_1_146' title='bbox 326 2355 362 2443; x_wconf 83' lang='lat'>²).</span> <span class='ocrx_word' id='word_1_147' title='bbox 411 2355 456 2421; x_wconf 80' lang='lat' dir='ltr'>lle</span> <span class='ocrx_word' id='word_1_148' title='bbox 485 2352 619 2441; x_wconf 91' lang='lat' dir='ltr'>reliquis</span> <span class='ocrx_word' id='word_1_149' title='bbox 643 2362 752 2421; x_wconf 92' lang='lat' dir='ltr'>autem</span> <span class='ocrx_word' id='word_1_150' title='bbox 776 2355 901 2422; x_wconf 84' lang='lat' dir='ltr'>lliodoti</span> <span class='ocrx_word' id='word_1_151' title='bbox 926 2355 1134 2423; x_wconf 78' lang='lat' dir='ltr'>facultatibus</span> <span class='ocrx_word' id='word_1_152' title='bbox 1159 2358 1307 2444; x_wconf 81' lang='lat' dir='ltr'>lliogitou</span> 
     </span>
     <span class='ocr_line' id='line_1_19' title="bbox 111 2472 1307 2565; baseline 0.002 -23"><span class='ocrx_word' id='word_1_153' title='bbox 111 2485 189 2542; x_wconf 90' lang='lat' dir='ltr'>tunc</span> <span class='ocrx_word' id='word_1_154' title='bbox 222 2494 261 2540; x_wconf 92' lang='lat' dir='ltr'>ne</span> <span class='ocrx_word' id='word_1_155' title='bbox 292 2472 427 2541; x_wconf 89' lang='lat' dir='ltr'>verbum</span> <span class='ocrx_word' id='word_1_156' title='bbox 459 2473 589 2560; x_wconf 88' lang='lat' dir='ltr'>quidem</span> <span class='ocrx_word' id='word_1_157' title='bbox 624 2473 716 2542; x_wconf 83' lang='lat' dir='ltr'>dixit.</span> <span class='ocrx_word' id='word_1_158' title='bbox 763 2474 811 2540; x_wconf 79' lang='lat' dir='ltr'>dd</span> <span class='ocrx_word' id='word_1_159' title='bbox 843 2495 877 2541; x_wconf 93' lang='lat' dir='ltr'>se</span> <span class='ocrx_word' id='word_1_160' title='bbox 909 2484 1058 2542; x_wconf 87' lang='lat' dir='ltr'>vocatum</span> <span class='ocrx_word' id='word_1_161' title='bbox 1089 2486 1240 2565; x_wconf 88' lang='lat' dir='ltr'>nepotem</span> <span class='ocrx_word' id='word_1_162' title='bbox 1265 2480 1307 2544; x_wconf 89' lang='lat' dir='ltr'>ita</span> 
     </span>
     <span class='ocr_line' id='line_1_20' title="bbox 109 2593 1306 2684; baseline 0.003 -23"><span class='ocrx_word' id='word_1_163' title='bbox 109 2615 205 2681; x_wconf 88' lang='lat' dir='ltr'>porro</span> <span class='ocrx_word' id='word_1_164' title='bbox 239 2593 414 2680; x_wconf 90' lang='lat' dir='ltr'>alloquitur</span> <span class='ocrx_word' id='word_1_165' title='bbox 451 2593 655 2682; x_wconf 79' lang='lat' dir='ltr'>Diogiton³):</span> <span class='ocrx_word' id='word_1_166' title='bbox 694 2613 772 2680; x_wconf 78' lang='lat' dir='ltr'>»ego</span> <span class='ocrx_word' id='word_1_167' title='bbox 806 2595 909 2661; x_wconf 91' lang='lat' dir='ltr'>multa</span> <span class='ocrx_word' id='word_1_168' title='bbox 942 2615 980 2660; x_wconf 88' lang='lat' dir='ltr'>ex</span> <span class='ocrx_word' id='word_1_169' title='bbox 1013 2597 1094 2662; x_wconf 91' lang='lat' dir='ltr'>meis</span> <span class='ocrx_word' id='word_1_170' title='bbox 1127 2597 1245 2684; x_wconf 89' lang='lat' dir='ltr'>opibus</span> <span class='ocrx_word' id='word_1_171' title='bbox 1275 2600 1306 2666; x_wconf 90' lang='lat' dir='ltr'>in</span> 
     </span>
     <span class='ocr_line' id='line_1_21' title="bbox 110 2711 1305 2801; baseline 0.003 -21"><span class='ocrx_word' id='word_1_172' title='bbox 110 2721 255 2780; x_wconf 88' lang='lat' dir='ltr'>vestrum</span> <span class='ocrx_word' id='word_1_173' title='bbox 278 2711 468 2779; x_wconf 86' lang='lat' dir='ltr'>alimentum</span> <span class='ocrx_word' id='word_1_174' title='bbox 488 2712 630 2800; x_wconf 91' lang='lat' dir='ltr'>impendi</span> <span class='ocrx_word' id='word_1_175' title='bbox 638 2734 646 2788; x_wconf 92' lang='lat'>;</span> <span class='ocrx_word' id='word_1_176' title='bbox 666 2725 698 2779; x_wconf 87' lang='lat' dir='ltr'>et</span> <span class='ocrx_word' id='word_1_177' title='bbox 717 2713 873 2800; x_wconf 88' lang='lat' dir='ltr'>quamdiu</span> <span class='ocrx_word' id='word_1_178' title='bbox 896 2714 1024 2801; x_wconf 91' lang='lat' dir='ltr'>quidem</span> <span class='ocrx_word' id='word_1_179' title='bbox 1045 2735 1097 2782; x_wconf 91' lang='lat' dir='ltr'>res</span> <span class='ocrx_word' id='word_1_180' title='bbox 1118 2716 1202 2783; x_wconf 90' lang='lat' dir='ltr'>mihi</span> <span class='ocrx_word' id='word_1_181' title='bbox 1222 2716 1305 2783; x_wconf 90' lang='lat' dir='ltr'>lauta</span> 
     </span>
     <span class='ocr_line' id='line_1_22' title="bbox 111 2833 1307 2924; baseline 0.001 -23"><span class='ocrx_word' id='word_1_182' title='bbox 111 2833 173 2901; x_wconf 82' lang='lat' dir='ltr'>luit</span> <span class='ocrx_word' id='word_1_183' title='bbox 197 2833 242 2898; x_wconf 91' lang='lat' dir='ltr'>nil</span> <span class='ocrx_word' id='word_1_184' title='bbox 264 2834 386 2900; x_wconf 88' lang='lat' dir='ltr'>curavi.</span> <span class='ocrx_word' id='word_1_185' title='bbox 432 2833 499 2898; x_wconf 93' lang='lat' dir='ltr'>lam</span> <span class='ocrx_word' id='word_1_186' title='bbox 524 2852 599 2899; x_wconf 91' lang='lat' dir='ltr'>vero</span> <span class='ocrx_word' id='word_1_187' title='bbox 622 2833 690 2918; x_wconf 91' lang='lat' dir='ltr'>ipse</span> <span class='ocrx_word' id='word_1_188' title='bbox 715 2853 788 2898; x_wconf 91' lang='lat' dir='ltr'>sum</span> <span class='ocrx_word' id='word_1_189' title='bbox 813 2842 989 2921; x_wconf 90' lang='lat' dir='ltr'>pauperet</span> <span class='ocrx_word' id='word_1_190' title='bbox 1014 2836 1119 2922; x_wconf 90' lang='lat' dir='ltr'>inops;</span> <span class='ocrx_word' id='word_1_191' title='bbox 1143 2844 1181 2902; x_wconf 86' lang='lat' dir='ltr'>tu</span> <span class='ocrx_word' id='word_1_192' title='bbox 1207 2837 1307 2924; x_wconf 84' lang='lat' dir='ltr'>igitur</span> 
     </span>
     <span class='ocr_line' id='line_1_23' title="bbox 111 2932 1305 3039; baseline 0.003 -20"><span class='ocrx_word' id='word_1_193' title='bbox 111 2932 186 3033; x_wconf 80' lang='lat' dir='ltr'>cum</span> <span class='ocrx_word' id='word_1_194' title='bbox 220 2953 285 3020; x_wconf 90' lang='lat' dir='ltr'>iarn</span> <span class='ocrx_word' id='word_1_195' title='bbox 316 2951 356 3018; x_wconf 91' lang='lat' dir='ltr'>ad</span> <span class='ocrx_word' id='word_1_196' title='bbox 386 2951 511 3019; x_wconf 92' lang='lat' dir='ltr'>virilem</span> <span class='ocrx_word' id='word_1_197' title='bbox 537 2960 674 3019; x_wconf 91' lang='lat' dir='ltr'>aetatem</span> <span class='ocrx_word' id='word_1_198' title='bbox 699 2955 884 3039; x_wconf 89' lang='lat' dir='ltr'>perveneris</span> <span class='ocrx_word' id='word_1_199' title='bbox 908 2963 939 3021; x_wconf 89' lang='lat' dir='ltr'>et</span> <span class='ocrx_word' id='word_1_200' title='bbox 964 2956 1049 3022; x_wconf 89' lang='lat' dir='ltr'>inter</span> <span class='ocrx_word' id='word_1_201' title='bbox 1073 2957 1161 3022; x_wconf 93' lang='lat' dir='ltr'>viros</span> <span class='ocrx_word' id='word_1_202' title='bbox 1185 2955 1305 3024; x_wconf 90' lang='lat' dir='ltr'>adscri-</span> 
     </span>
     <span class='ocr_line' id='line_1_24' title="bbox 110 3071 1306 3161; baseline 0.003 -22"><span class='ocrx_word' id='word_1_203' title='bbox 110 3079 185 3160; x_wconf 90' lang='lat' dir='ltr'>ptus</span> <span class='ocrx_word' id='word_1_204' title='bbox 217 3074 278 3148; x_wconf 89' lang='lat' dir='ltr'>sis,</span> <span class='ocrx_word' id='word_1_205' title='bbox 311 3072 457 3158; x_wconf 90' lang='lat' dir='ltr'>prospice</span> <span class='ocrx_word' id='word_1_206' title='bbox 489 3090 551 3157; x_wconf 90' lang='lat' dir='ltr'>qua</span> <span class='ocrx_word' id='word_1_207' title='bbox 583 3073 708 3137; x_wconf 89' lang='lat' dir='ltr'>ratione</span> <span class='ocrx_word' id='word_1_208' title='bbox 731 3071 790 3137; x_wconf 88' lang='lat' dir='ltr'>tihi</span> <span class='ocrx_word' id='word_1_209' title='bbox 815 3073 937 3139; x_wconf 89' lang='lat' dir='ltr'>victum</span> <span class='ocrx_word' id='word_1_210' title='bbox 962 3075 1165 3161; x_wconf 85' lang='lat' dir='ltr'>compares.’&#39;</span> <span class='ocrx_word' id='word_1_211' title='bbox 1214 3077 1306 3143; x_wconf 88' lang='lat' dir='ltr'>Hisce</span> 
     </span>
     <span class='ocr_line' id='line_1_25' title="bbox 111 3190 1305 3289; baseline 0.003 -31"><span class='ocrx_word' id='word_1_212' title='bbox 111 3192 230 3259; x_wconf 87' lang='lat' dir='ltr'>auditis</span> <span class='ocrx_word' id='word_1_213' title='bbox 254 3190 510 3289; x_wconf 82' lang='lat' dir='ltr'>trateruterque</span> <span class='ocrx_word' id='word_1_214' title='bbox 528 3191 697 3278; x_wconf 91' lang='lat' dir='ltr'>perculsus</span> <span class='ocrx_word' id='word_1_215' title='bbox 717 3200 749 3257; x_wconf 93' lang='lat' dir='ltr'>et</span> <span class='ocrx_word' id='word_1_216' title='bbox 769 3191 942 3259; x_wconf 90' lang='lat' dir='ltr'>lacrimans</span> <span class='ocrx_word' id='word_1_217' title='bbox 963 3193 1002 3259; x_wconf 91' lang='lat' dir='ltr'>ad</span> <span class='ocrx_word' id='word_1_218' title='bbox 1024 3203 1165 3263; x_wconf 88' lang='lat' dir='ltr'>matrem</span> <span class='ocrx_word' id='word_1_219' title='bbox 1186 3197 1305 3272; x_wconf 88' lang='lat' dir='ltr'>ierunt,</span> 
     </span>
     <span class='ocr_line' id='line_1_26' title="bbox 110 3311 1303 3400; baseline 0.001 -22"><span class='ocrx_word' id='word_1_220' title='bbox 110 3333 208 3398; x_wconf 91' lang='lat' dir='ltr'>quam</span> <span class='ocrx_word' id='word_1_221' title='bbox 228 3314 349 3378; x_wconf 88' lang='lat' dir='ltr'>interea</span> <span class='ocrx_word' id='word_1_222' title='bbox 370 3312 488 3376; x_wconf 89' lang='lat' dir='ltr'>iterum</span> <span class='ocrx_word' id='word_1_223' title='bbox 511 3311 685 3396; x_wconf 83' lang='lat' dir='ltr'>Hegemoni</span> <span class='ocrx_word' id='word_1_224' title='bbox 705 3320 843 3397; x_wconf 87' lang='lat' dir='ltr'>nuptum</span> <span class='ocrx_word' id='word_1_225' title='bbox 866 3312 997 3380; x_wconf 91' lang='lat' dir='ltr'>dederat</span> <span class='ocrx_word' id='word_1_226' title='bbox 1016 3314 1182 3400; x_wconf 84' lang='lat' dir='ltr'>Diogiton,</span> <span class='ocrx_word' id='word_1_227' title='bbox 1198 3324 1230 3382; x_wconf 92' lang='lat' dir='ltr'>et</span> <span class='ocrx_word' id='word_1_228' title='bbox 1245 3335 1303 3381; x_wconf 90' lang='lat' dir='ltr'>una</span> 
     </span>
     <span class='ocr_line' id='line_1_27' title="bbox 110 3417 1303 3518; baseline 0.001 -20"><span class='ocrx_word' id='word_1_229' title='bbox 110 3451 185 3498; x_wconf 91' lang='lat' dir='ltr'>cum</span> <span class='ocrx_word' id='word_1_230' title='bbox 217 3430 277 3496; x_wconf 91' lang='lat' dir='ltr'>hac</span> <span class='ocrx_word' id='word_1_231' title='bbox 310 3437 470 3497; x_wconf 90' lang='lat' dir='ltr'>venerunt</span> <span class='ocrx_word' id='word_1_232' title='bbox 501 3429 541 3495; x_wconf 94' lang='lat' dir='ltr'>ad</span> <span class='ocrx_word' id='word_1_233' title='bbox 572 3430 692 3495; x_wconf 92' lang='lat' dir='ltr'>sororis</span> <span class='ocrx_word' id='word_1_234' title='bbox 723 3431 877 3497; x_wconf 88' lang='lat' dir='ltr'>maritum</span> <span class='ocrx_word' id='word_1_235' title='bbox 908 3433 963 3518; x_wconf 90' lang='lat' dir='ltr'>qui</span> <span class='ocrx_word' id='word_1_236' title='bbox 987 3417 1166 3498; x_wconf 89' lang='lat' dir='ltr'>orationem</span> <span class='ocrx_word' id='word_1_237' title='bbox 1193 3433 1303 3510; x_wconf 88' lang='lat' dir='ltr'>habet,</span> 
     </span>
     <span class='ocr_line' id='line_1_28' title="bbox 109 3549 1303 3639; baseline 0 -23"><span class='ocrx_word' id='word_1_238' title='bbox 109 3551 196 3617; x_wconf 90' lang='lat' dir='ltr'>hunc</span> <span class='ocrx_word' id='word_1_239' title='bbox 229 3550 395 3616; x_wconf 89' lang='lat' dir='ltr'>hortantes</span> <span class='ocrx_word' id='word_1_240' title='bbox 427 3569 466 3615; x_wconf 91' lang='lat' dir='ltr'>ne</span> <span class='ocrx_word' id='word_1_241' title='bbox 491 3569 524 3615; x_wconf 90' lang='lat' dir='ltr'>se</span> <span class='ocrx_word' id='word_1_242' title='bbox 548 3549 640 3614; x_wconf 90' lang='lat' dir='ltr'>bonis</span> <span class='ocrx_word' id='word_1_243' title='bbox 663 3552 806 3635; x_wconf 89' lang='lat' dir='ltr'>paternis</span> <span class='ocrx_word' id='word_1_244' title='bbox 831 3549 1004 3618; x_wconf 88' lang='lat' dir='ltr'>frustratos</span> <span class='ocrx_word' id='word_1_245' title='bbox 1027 3558 1059 3617; x_wconf 90' lang='lat' dir='ltr'>et</span> <span class='ocrx_word' id='word_1_246' title='bbox 1083 3553 1175 3637; x_wconf 85' lang='lat' dir='ltr'>gravi</span> <span class='ocrx_word' id='word_1_247' title='bbox 1201 3572 1219 3618; x_wconf 93' lang='lat' dir='ltr'>a</span> <span class='ocrx_word' id='word_1_248' title='bbox 1245 3571 1303 3639; x_wconf 90' lang='lat' dir='ltr'>quo</span> 
     </span>
     <span class='ocr_line' id='line_1_29' title="bbox 109 3668 1305 3757; baseline 0.003 -22"><span class='ocrx_word' id='word_1_249' title='bbox 109 3671 244 3756; x_wconf 89' lang='lat' dir='ltr'>minime</span> <span class='ocrx_word' id='word_1_250' title='bbox 267 3671 408 3757; x_wconf 90' lang='lat' dir='ltr'>oportuit</span> <span class='ocrx_word' id='word_1_251' title='bbox 431 3670 551 3735; x_wconf 91' lang='lat' dir='ltr'>iniuria</span> <span class='ocrx_word' id='word_1_252' title='bbox 571 3668 701 3735; x_wconf 83' lang='lat' dir='ltr'>affectos</span> <span class='ocrx_word' id='word_1_253' title='bbox 721 3669 865 3748; x_wconf 83' lang='lat' dir='ltr'>deserat,</span> <span class='ocrx_word' id='word_1_254' title='bbox 888 3670 942 3736; x_wconf 90' lang='lat' dir='ltr'>sed</span> <span class='ocrx_word' id='word_1_255' title='bbox 963 3673 1081 3737; x_wconf 90' lang='lat' dir='ltr'>sororis</span> <span class='ocrx_word' id='word_1_256' title='bbox 1094 3680 1126 3738; x_wconf 86' lang='lat' dir='ltr'>et</span> <span class='ocrx_word' id='word_1_257' title='bbox 1139 3691 1197 3737; x_wconf 93' lang='lat' dir='ltr'>sua</span> <span class='ocrx_word' id='word_1_258' title='bbox 1211 3693 1305 3738; x_wconf 89' lang='lat' dir='ltr'>causa</span> 
     </span>
     <span class='ocr_line' id='line_1_30' title="bbox 110 3789 1304 3868; baseline 0.001 -12"><span class='ocrx_word' id='word_1_259' title='bbox 110 3789 268 3857; x_wconf 87' lang='lat' dir='ltr'>defendat.</span> <span class='ocrx_word' id='word_1_260' title='bbox 317 3790 463 3856; x_wconf 89' lang='lat' dir='ltr'>Breviter</span> <span class='ocrx_word' id='word_1_261' title='bbox 484 3798 607 3855; x_wconf 88' lang='lat' dir='ltr'>utrem</span> <span class='ocrx_word' id='word_1_262' title='bbox 629 3809 793 3868; x_wconf 87' lang='lat' dir='ltr'>enarrem,</span> <span class='ocrx_word' id='word_1_263' title='bbox 816 3789 936 3857; x_wconf 86' lang='lat' dir='ltr'>irustra</span> <span class='ocrx_word' id='word_1_264' title='bbox 956 3811 1030 3858; x_wconf 90' lang='lat' dir='ltr'>oum</span> <span class='ocrx_word' id='word_1_265' title='bbox 1052 3791 1085 3857; x_wconf 91' lang='lat' dir='ltr'>hi</span> <span class='ocrx_word' id='word_1_266' title='bbox 1106 3811 1304 3858; x_wconf 89' lang='lat' dir='ltr'>omnescum</span> 
     </span>
     <span class='ocr_line' id='line_1_31' title="bbox 109 3909 1303 3998; baseline 0.001 -22"><span class='ocrx_word' id='word_1_267' title='bbox 109 3911 299 3998; x_wconf 91' lang='lat' dir='ltr'>propinquis</span> <span class='ocrx_word' id='word_1_268' title='bbox 323 3915 353 3975; x_wconf 88' lang='lat' dir='ltr'>et</span> <span class='ocrx_word' id='word_1_269' title='bbox 379 3909 492 3975; x_wconf 91' lang='lat' dir='ltr'>amicis</span> <span class='ocrx_word' id='word_1_270' title='bbox 516 3911 622 3974; x_wconf 90' lang='lat' dir='ltr'>conati</span> <span class='ocrx_word' id='word_1_271' title='bbox 646 3917 752 3976; x_wconf 85' lang='lat' dir='ltr'>essent</span> <span class='ocrx_word' id='word_1_272' title='bbox 778 3911 938 3996; x_wconf 79' lang='lat' dir='ltr'>lliogitoni</span> <span class='ocrx_word' id='word_1_273' title='bbox 962 3911 1158 3998; x_wconf 88' lang='lat' dir='ltr'>persuadere</span> <span class='ocrx_word' id='word_1_274' title='bbox 1179 3921 1303 3981; x_wconf 91' lang='lat' dir='ltr'>utrem</span> 
     </span>
    </p>
   </div>
   <div class='ocr_carea' id='block_1_3' title="bbox 147 4146 665 4484">
    <p class='ocr_par' dir='ltr' id='par_1_4' title="bbox 147 4146 665 4484">
     <span class='ocr_line' id='line_1_32' title="bbox 147 4146 658 4221; baseline 0.006 -22"><span class='ocrx_word' id='word_1_275' title='bbox 147 4149 178 4217; x_wconf 92' lang='lat'>1)</span> <span class='ocrx_word' id='word_1_276' title='bbox 198 4151 255 4220; x_wconf 76' lang='lat' dir='ltr'>Lys.</span> <span class='ocrx_word' id='word_1_277' title='bbox 273 4165 294 4200; x_wconf 89' lang='lat' dir='ltr'>c.</span> <span class='ocrx_word' id='word_1_278' title='bbox 315 4146 386 4220; x_wconf 78' lang='lat' dir='ltr'>Diog.</span> <span class='ocrx_word' id='word_1_279' title='bbox 406 4165 430 4218; x_wconf 92' lang='lat' dir='ltr'>p.</span> <span class='ocrx_word' id='word_1_280' title='bbox 443 4148 512 4213; x_wconf 80' lang='lat'>892,</span> <span class='ocrx_word' id='word_1_281' title='bbox 533 4148 547 4215; x_wconf 55' lang='grc' dir='ltr'><em>ᾗ</em></span> <span class='ocrx_word' id='word_1_282' title='bbox 568 4151 583 4200; x_wconf 90' lang='grc'>1</span> <span class='ocrx_word' id='word_1_283' title='bbox 605 4165 658 4221; x_wconf 88' lang='lat' dir='ltr'>sqq.</span> 
     </span>
     <span class='ocr_line' id='line_1_33' title="bbox 148 4234 665 4304; baseline 0.004 -17"><span class='ocrx_word' id='word_1_284' title='bbox 148 4237 178 4304; x_wconf 80' lang='lat'>2)</span> <span class='ocrx_word' id='word_1_285' title='bbox 198 4234 217 4287; x_wconf 95' lang='lat' dir='ltr'>l.</span> <span class='ocrx_word' id='word_1_286' title='bbox 238 4235 255 4288; x_wconf 89' lang='lat' dir='ltr'>l.</span> <span class='ocrx_word' id='word_1_287' title='bbox 275 4236 289 4303; x_wconf 54' lang='grc' dir='ltr'><em>ᾗ</em></span> <span class='ocrx_word' id='word_1_288' title='bbox 309 4239 354 4288; x_wconf 90' lang='lat'>15.</span> <span class='ocrx_word' id='word_1_289' title='bbox 662 4248 665 4256; x_wconf 84' lang='lat'><em>&#39;</em></span> 
     </span>
     <span class='ocr_line' id='line_1_34' title="bbox 149 4323 336 4394; baseline 0 -18"><span class='ocrx_word' id='word_1_290' title='bbox 149 4323 336 4394; x_wconf 42' lang='lat' dir='ltr'>&amp;llud</span> 
     </span>
     <span class='ocr_line' id='line_1_35' title="bbox 151 4412 355 4484; baseline -0.005 -19"><span class='ocrx_word' id='word_1_291' title='bbox 151 4417 180 4484; x_wconf 80' lang='lat' dir='ltr'>d)</span> <span class='ocrx_word' id='word_1_292' title='bbox 198 4413 216 4466; x_wconf 90' lang='lat' dir='ltr'>l.</span> <span class='ocrx_word' id='word_1_293' title='bbox 237 4412 254 4467; x_wconf 85' lang='lat' dir='ltr'>l.</span> <span class='ocrx_word' id='word_1_294' title='bbox 276 4413 290 4479; x_wconf 83' lang='lat'>§</span> <span class='ocrx_word' id='word_1_295' title='bbox 312 4414 355 4464; x_wconf 82' lang='lat'>20.</span> 
     </span>
    </p>
   </div>
   <div class='ocr_carea' id='block_1_4' title="bbox 0 0 1426 5018">
    <p class='ocr_par' dir='ltr' id='par_1_5' title="bbox 0 0 1426 5018">
     <span class='ocr_line' id='line_1_36' title="bbox 0 0 1426 5018; baseline 0 0"><span class='ocrx_word' id='word_1_296' title='bbox 0 0 1426 5018; x_wconf 95' lang='lat' dir='ltr'> </span> 
     </span>
    </p>
   </div>
  </div>
 </body>
</html>
