2842 5018
680 288 741 351 195

157 471 245 536 lnter
276 472 348 535 iura
380 459 482 556 patlis
512 470 544 533 in
573 469 694 536 liberos
724 473 822 538 etiam
850 471 989 540 refertur
1013 474 1236 543 abdicatio
1258 478 1306 547 li·

71 570 73 575 ’
110 589 329 666 berorum,
353 607 434 675 quae
458 609 572 675 graece
595 591 779 672 ἀποκήρυξις
804 591 941 668 dicitnr;
966 593 1050 679 quod
1071 596 1139 673 ius,
1159 597 1304 664 vocabuli

111 709 176 774 vim
201 715 228 775 si
253 718 453 796 spectamnS,
477 709 557 775 nihil
582 709 668 777 aliud
690 711 990 797 dicerc'possumus
1009 713 1105 800 quarn
1127 717 1305 802 promul·

111 829 323 914 gailonem
354 849 423 915 per
454 848 720 916 praeconem,
755 839 790 896 ut
820 830 889 897 scil.
918 833 1068 900 omnibus
1089 835 1304 903 innotesceret

111 947 213 1014 lilium
236 947 350 1014 domus
374 955 526 1035 paternae
550 970 612 1015 non
637 949 777 1037 amplius
799 970 867 1016 esse
890 953 1091 1038 participem.

156 1069 366 1136 Grammatici
385 1067 654 1154 etglexicograpbi
677 1089 825 1154 magnam
847 1070 937 1136 nobis
957 1071 1160 1157 reliquerunt
1177 1076 1302 1160 copiam

112 1190 368 1256 testimoniorum
403 1188 462 1255 hac
492 1188 531 1254 de
554 1208 604 1266 re,
628 1199 660 1254 at
685 1197 809 1257 veteres
832 1189 898 1257 lere
922 1190 961 1257 ad
988 1210 1087 1257 unum
1113 1195 1224 1260 omnes
1247 1213 1305 1261 nos

111 1309 273 1376 deserunt.
321 1309 389 1374 lam
421 1311 672 1376 memoravimus
702 1311 846 1399 Dionysii
880 1311 1006 1390 locum,
1037 1311 1122 1380 unde
1145 1312 1303 1380 discimus

110 1430 194 1516 patri
218 1429 347 1497 licuisse
367 1427 484 1495 liberos
507 1429 594 1496 dicto
615 1450 676 1495 non
697 1429 866 1497 audientes
886 1429 971 1497 loras
989 1432 1106 1498 eiicere
1125 1431 1303 1519 eosque'ab

111 1548 289 1616 hereditate
312 1547 500 1625 excludere,
528 1548 613 1616 unde
638 1552 785 1637 sequitur
809 1550 1041 1618 abdicationem
1066 1572 1129 1618 non
1154 1554 1225 1620 sine
1247 1573 1302 1620 ex·

111 1667 316 1735 beredatione
330 1668 400 1734 fieri
413 1668 540 1735 solitam
554 1689 623 1736 esse
637 1671 676 1757 ¹).
715 1668 809 1736 Aliud
823 1669 982 1756 quoddam
995 1675 1161 1757 praeterea
1173 1672 1302 1741 videtur

110 1795 237 1854 exstare
261 1789 482 1854 testimonium
506 1787 749 1864 Demosthenis,
773 1790 830 1873 qui
854 1787 943 1855 locus
963 1798 1072 1855 tamen
1092 1790 1303 1876 dignissimus

112 1917 161 1972 est
185 1908 240 1992 qui
264 1905 452 1989 diligentius
475 1907 683 1990 inspectetur.
739 1904 855 1972 Orator
866 1904 892 1993 ²)
917 1907 1054 1992 inquirit
1077 1906 1214 1975 liceatne
1237 1908 1302 1974 filio

114 2051 324 2066 ω--ι-υ-

149 2137 179 2205 1)
206 2130 285 2186 Valde
308 2126 484 2182 rrremorabilis
508 2127 586 2182 thesis
610 2139 648 2183 cst
667 2129 768 2204 aliquot
786 2141 847 2185 ante
865 2150 945 2186 annos
964 2131 997 2186 ab
1016 2137 1037 2186 l.
1057 2136 1083 2187 C.
1103 2151 1153 2187 ran
1173 2136 1251 2188 bssen
1270 2131 1305 2188 de

110 2220 273 2277 abdicatione
296 2217 365 2291 apud
389 2216 557 2271 Athenienses
573 2218 738 2291 promulgata
757 2219 872 2289 (nieuwc
892 2219 967 2293 bijdr.
987 2239 1047 2274 roor
1063 2230 1157 2294 rcgtsg.
1174 2239 1205 2274 cn
1226 2229 1301 2294 wctg.

111 2314 198 2377 1855,
217 2313 254 2376 V,
270 2326 295 2380 p.
306 2309 374 2373 232,
393 2325 419 2359 n.
440 2309 481 2376 3):
512 2306 591 2361 »iure
613 2307 693 2360 attico
721 2327 772 2362 non
803 2308 879 2362 licuit
908 2309 975 2382 patri
998 2307 1087 2363 filium
1107 2308 1225 2363 abdicare
1244 2317 1305 2362 ete

111 2399 188 2454 doma
214 2397 304 2452 eiicere
332 2413 385 2448 non
413 2394 516 2467 cognita
545 2415 560 2450 a
582 2395 669 2449 iudice
687 2416 776 2466 carisa,
795 2397 932 2471 repetenda
952 2408 984 2452 ut
1002 2398 1106 2453 videtur
1124 2416 1154 2452 ex
1168 2397 1305 2472 impietate

111 2489 167 2544 eius
186 2504 246 2559 erga
264 2493 375 2558 patrem.
414 2487 507 2538 Forma
525 2483 579 2538 fuit
597 2483 762 2553 &assignies
780 2487 832 2541 sire
846 2487 1021 2561 promulgatio
1036 2505 1081 2561 per
1097 2503 1261 2560 praeconem,
1272 2494 1305 2539 ut

109 2576 231 2635 omnibus
248 2574 420 2627 innotesceret
436 2570 526 2626 filium
545 2591 596 2626 non
617 2575 730 2648 amplius
750 2575 902 2651 participem
919 2593 971 2630 esse
986 2574 1079 2629 domus
1089 2583 1304 2648 paternaeneque

111 2684 152 2720 aes
181 2663 310 2729 alienum,
336 2659 442 2734 siquod
463 2659 580 2734 deinceps
598 2665 769 2732 contraxerit,
790 2663 821 2718 ad
842 2673 942 2738 patrem
960 2664 1096 2738 pertinere.
1135 2666 1303 2736 Quamquam

110 2753 259 2809 testimonia
278 2751 373 2804 desunt
389 2749 429 2802 vix
448 2748 626 2804 dubitandam
642 2761 692 2820 est,
713 2753 778 2827 quin
798 2762 871 2826 pater
890 2772 951 2808 cum
970 2751 1026 2806 filio
1041 2750 1189 2825 ingratiam
1202 2750 1305 2806 rediens

110 2863 173 2899 eum
192 2843 304 2916 recipere
323 2838 438 2914 potuerit
457 2839 484 2891 in
504 2838 613 2893 domum
628 2848 655 2893 et
674 2840 701 2894 in
720 2842 779 2896 iura
794 2841 915 2898 familiae.
954 2839 1303 2896 Exheredatioiureromnno

111 2932 225 2987 vertitur
249 2932 277 2983 in
304 2927 418 2984 Basilicis
441 2925 616 2995 ἀποκήρυξις,
637 2946 787 3002 perperam3
806 2949 868 2983 narn
889 2928 963 2983 valde
985 2929 1092 2982 interest
1114 2928 1184 2980 inter
1204 2935 1304 2981 utram·

110 3039 163 3097 quc
179 3038 295 3095 poenam.
336 3015 504 3070 llxbcredatio
523 3026 578 3089 post
596 3016 675 3090 patris
694 3016 798 3072 obitum
818 3018 870 3071 vim
888 3026 916 3071 et
932 3015 1114 3070 efficacitatem
1133 3014 1226 3068 babere
1239 3015 1305 3068 inei·

111 3108 152 3183 pit
178 3107 222 3179 (cf.
253 3104 423 3161 Gotbolredns
451 3105 483 3159 ad
508 3104 567 3160 eod.
588 3110 636 3172 vl,
656 3105 699 3159 tit.
720 3109 768 3173 tr,
788 3115 869 3160 const.
890 3109 927 3178 6).
966 3109 1096 3177 Quaerere
1113 3102 1176 3158 licet
1195 3122 1228 3157 an
1247 3102 1305 3158 filio

111 3196 225 3252 familias
250 3195 392 3249 atheniensi
414 3193 532 3248 abdicato
548 3193 694 3248 remedium
710 3193 791 3248 fucrit
809 3213 972 3262 concessum,
992 3213 1071 3269 quare
1091 3191 1198 3268 querela
1216 3190 1303 3247 inoffi·

111 3285 173 3340 ciosi
192 3283 343 3338 testamenti
361 3279 523 3336 tricinium
542 3301 655 3337 romano.
667 3313 703 3326 -
718 3287 853 3351 Ceterum,
873 3302 940 3358 quac
957 3283 1030 3341 Plato
1049 3282 1093 3355 (de
1112 3273 1304 3356 legglxmce

112 3373 151 3429 ed.
173 3372 251 3427 Reklr.
272 3375 307 3443 [c.
328 3375 359 3439 9,
380 3391 404 3444 p.
414 3373 468 3425 928
488 3373 516 3426 D.
537 3371 652 3444 Stepb.])
680 3371 734 3426 loco
753 3372 853 3427 illustri
873 3372 905 3427 de
923 3372 1095 3427 abdicationis
1115 3369 1199 3425 forma
1217 3370 1245 3422 in
1263 3387 1304 3423 re·

112 3462 234 3538 publica,
260 3480 339 3535 quarn
368 3461 422 3534 ipse
449 3459 587 3528 informat,
612 3461 736 3535 praecipit
752 3461 879 3515 eiusmodi
894 3471 972 3529 sunt,
993 3470 1024 3515 ut
1039 3459 1177 3515 emendare
1194 3457 1306 3512 voluisse

111 3553 246 3621 videatur,
265 3549 373 3626 quaein
395 3549 462 3602 boc
455 3549 578 3614 instituto
595 3549 658 3604 vitia
677 3549 911 3622 deprehendisset.''

151 3646 181 3712 2)
200 3640 257 3694 adv.
276 3644 361 3694 Boect.
383 3634 505 3710 ploos,
526 3639 603 3705 §39.
645 3641 677 3690 ln
696 3638 812 3692 oratione
830 3638 884 3712 ipsa
903 3636 1014 3710 legitur·
1035 3635 1062 3685 ei
1079 3632 1129 3695 μὲν
1146 3617 1303 3683 solverev-

113 3723 160 3788 eoc
177 3727 237 3796 ἔχει
253 3727 298 3778 ds
288 3727 346 3783 ‘tos
361 3724 475 3785 elpes
461 3742 489 3781 ot
505 3727 582 3774 ποθεῖ
570 3715 752 3792 ν’κυρίσυς
723 3741 803 3778 eroco.
842 3725 943 3779 llieron.
969 3721 1043 3777 wolf
1061 3721 1093 3776 ad
1114 3721 1176 3775 baec
1195 3729 1304 3776 annota-

112 3821 167 3879 vit:
196 3820 321 3870 mtti-
341 3803 424 3865 ‘itm'
451 3813 483 3862 '1⁰
509 3802 581 3862 titul
609 3813 700 3867 malim
729 3813 856 3881 currem,
881 3812 949 3886 quod
976 3815 1007 3865 G.
1025 3813 1054 3862 ll.
1074 3807 1193 3863 Sebaeler
1213 3808 1304 3863 »iusto

111 3906 311 3964 fastidiosioris''
330 3902 404 3956 dixit.
442 3902 492 3956 Sed
512 3901 554 3955 bic
572 3901 609 3957 ita
629 3902 767 3956 iudicando
786 3921 837 3955 non
849 3921 925 3955 omne
935 3898 1055 3954 omnibns
1066 3896 1164 3951 ademit
1172 3894 1303 3964 dubium,

111 3997 179 4053 mibi
198 3997 290 4051 saltem
311 4012 362 4048 non
375 3990 515 4065 persuasit3
525 4009 671 4065 numquam
685 3991 795 4063 reperies
811 3989 825 4038 ὃ
842 3990 922 4053 νόμος
939 3994 1014 4039 ποιεῖ
1031 4001 1095 4035 wa
1111 3983 1203 4052 niem
1215 3974 1302 4054 εἶναι,

110 4089 155 4142 sed
175 4094 324 4140 constanter
344 4072 687 4147 circumtruncatas
706 4078 827 4134 additum
847 4089 886 4133 est
906 4080 951 4148 (nt
968 4096 990 4130 c.
1010 4073 1098 4148 Stcpb.
1121 4077 1163 4142 ΙΙ,
1181 4093 1205 4147 p.
1216 4077 1304 4142 1134,

111 4181 126 4248 ᾗ
148 4179 196 4247 19)
216 4173 369 4247 expellatur.
407 4175 438 4225 ln
457 4167 555 4222 talibus
573 4177 664 4222 amant
683 4167 778 4222 eruditi
799 4166 965 4242 grammatici
981 4163 1138 4220 vocabulum
1152 4163 1302 4237 appingere,

112 4273 144 4318 nt
166 4259 387 4337 qnoquefactum
408 4258 495 4312 estin
516 4257 873 4331 Aescb.or.c.'l’im.p.,3
893 4259 974 4327 §15,
994 4253 1041 4308 ubr
1053 4251 1192 4308 emblema
1201 4253 1305 4302 nenot-

111 4370 193 4420 qm
198 4352 251 4407 iam
269 4349 387 4405 deletum
406 4356 445 4402 cst
462 4345 665 4420 postrocabnla:
658 4345 703 4396 ·ἔν
719 4328 1084 4415 ᾧδιαῤῥήδηνγίγραπται,
1093 4339 1306 4410 idorocrissplgp

112 4441 311 4502 εῑςπαῖδα-
277 4424 646 4510 -γραφὰςῦβριωςεῖναι.
683 4439 773 4494 Nostro
796 4455 854 4495 vero
873 4434 942 4508 leco,
969 4444 1000 4493 ut
1028 4449 1099 4489 nunc
1122 4427 1234 4503 legitur,
1251 4447 1303 4484 non
