2842 5018
649 298 691 359 nt

71 477 239 563 proximos
266 487 418 564 cognatos
447 479 584 546 eundem
614 477 720 545 dotem
752 478 968 546 adnumerare
999 477 1148 554 iusserit,
1177 475 1261 563 quud

71 614 188 681 urgere
211 597 301 676 nuto,
334 597 390 664 sed
412 598 494 665 bene
516 597 748 666 attendendum
773 606 822 665 est
844 597 904 664 hoo
927 598 1025 664 etiam
1050 616 1105 662 eos
1129 597 1261 673 testari,

70 716 125 801 qui
150 715 225 781 duta
248 731 343 804 opera
365 738 417 784 res
437 719 553 784 atticas
574 717 665 782 nohis
685 724 850 783 enarrant.
897 716 1129 802 Harpocration
1143 715 1168 804 ¹)
1191 713 1261 780 scii.

68 854 108 900 ex
139 835 293 902 Dinarchi
324 839 467 903 oratione
496 837 536 902 de
558 835 798 923 Aristophontis
822 836 886 902 iiiia
910 844 942 902 et
965 856 1004 902 ex
1029 834 1192 921 Posidippi
1213 833 1260 902 ia-

68 954 144 1021 hula
165 954 386 1024 demonstrare
410 966 546 1023 conatur
569 957 724 1042 epieieros
747 976 905 1043 pauperes
928 976 1040 1021 omnes
1063 973 1137 1020 cnm
1162 954 1260 1040 quin·

68 1094 131 1160 qne
150 1077 314 1142 minarum
333 1077 406 1143 dote
425 1076 593 1142 elocandas
615 1075 714 1143 inisse
734 1077 891 1164 proximis
909 1075 1064 1161 cognatis.
1112 1074 1194 1139 Hinc
1208 1073 1259 1151 tit,

68 1202 105 1260 ut
133 1196 227 1281 plane
256 1196 344 1264 dubii
370 1197 561 1263 haereamus
586 1206 697 1264 utrum
721 1198 874 1262 maiorem
902 1195 996 1261 fidem
1021 1195 1206 1262 tribuamus
1229 1195 1259 1260 ei

66 1315 123 1401 qui
155 1315 236 1400 legis
251 1315 435 1398 ‚formulam
458 1317 675 1403 composuerit
699 1335 739 1382 an
764 1313 1009 1401 iexicographis.
1058 1314 1164 1381 Unum
1188 1321 1258 1379 tau·

67 1444 137 1501 tum
161 1456 219 1522 pro
243 1435 296 1501 illo
320 1437 630 1522 pugnereviderur:
656 1435 713 1502 dos
736 1435 859 1503 scilicet
883 1455 946 1522 qua
969 1436 1107 1522 proximi
1129 1434 1258 1520 cognati

65 1573 240 1641 pauperem
269 1556 444 1643 epiclerum
477 1557 589 1623 dotare
619 1556 776 1622 debebant
800 1555 1009 1622 conveniebat
1032 1575 1108 1622 cunr
1133 1555 1259 1622 ratione

67 1672 182 1740 horum
206 1674 385 1743 redituum.

70 1851 76 1863 .
110 1792 232 1859 Deinde
256 1794 375 1860 mirum
399 1796 506 1860 estin
530 1795 590 1861 hac
614 1794 684 1880 lege
708 1794 788 1860 nihil
813 1795 913 1860 statui
937 1792 977 1859 de
1001 1813 1056 1870 eo,
1080 1791 1167 1878 quot
1189 1811 1258 1859 sae·

65 1912 198 1996 pissime
222 1930 285 1975 usn
304 1912 430 1979 venisse
450 1933 580 1979 necesse
598 1921 667 1990 cst,
682 1921 725 1979 -nt
745 1920 957 1999 quaereretur
976 1911 1055 1997 quid
1073 1910 1258 1978 iaciendum

65 2035 169 2104 osset,
200 2029 228 2094 si
261 2028 430 2115 proximus
458 2039 615 2116 cognatus
646 2032 715 2118 ipse
747 2038 832 2098 esset
859 2029 1258 2109 caeremoniarum

64 2149 203 2235 proximi
226 2150 356 2234 cognati
376 2151 492 2225 θκσσῶν
512 2149 634 2216 inerim
655 2150 785 2237 quidem
806 2161 900 2236 saepe
920 2150 980 2236 ipsi
1002 2151 1100 2226 θῆτες.
1134 2150 1258 2218 Eratue

63 2266 116 2332 his
138 2267 288 2334 solvenda
312 2268 368 2334 dos
393 2270 528 2335 crinoris
552 2270 668 2355 pretii?
716 2270 859 2336 [drantne
878 2270 970 2335 liberi
991 2270 1030 2334 air
1051 2269 1111 2336 lroe
1130 2269 1255 2337 officio?

62 2388 114 2454 idn
137 2387 196 2454 tibi
221 2389 424 2473 quaestiones
447 2389 565 2475 quibus
590 2389 776 2477 responderi
801 2404 862 2455 non
885 2397 1004 2477 potest,
1032 2390 1153 2456 nisiex
1176 2389 1256 2476 legis

63 2507 216 2583 oonsilio,
241 2509 371 2593 quaesi
395 2528 508 2574 revera
531 2512 617 2576 cavit
642 2519 816 2596 negantes
840 2510 1011 2576 interirent
1035 2517 1067 2574 et
1091 2508 1256 2577 consuluit

62 2627 240 2694 commodis
270 2630 415 2715 ipsarum
446 2632 582 2707 θνσσῶν,
624 2650 687 2696 non
719 2629 933 2697 dubitantium
964 2637 1013 2695 est
1048 2628 1126 2715 quin
1156 2626 1255 2695 inerit

61 2748 249 2814 institutum
281 2749 379 2814 etiam
412 2750 507 2824 dirae
539 2747 655 2816 dehere
686 2748 805 2816 ducere
836 2758 893 2815 ant
923 2748 1048 2816 elocare
1078 2767 1253 2835 pauperem

62 2866 163 2934 titiam
185 2866 426 2935 hereditariam.

106 2987 337 3074 Aristophanes
360 2989 594 3072 grammaticus
607 2988 634 3076 ²)
660 2987 743 3054 hauc
768 2987 871 3072 iugem
893 3006 912 3052 a
937 2985 1050 3052 Scione
1069 2985 1253 3051 institutam

60 3124 131 3174 esse
154 3106 251 3184 dicit,
275 3107 359 3193 quod
383 3107 541 3175 liiodorus
555 3109 580 3197 ³)
606 3107 763 3183 affirmut;
787 3108 839 3173 nte
863 3126 937 3173 vcro
960 3105 1050 3171 addit
1074 3104 1132 3171 hoc
1157 3106 1252 3172 insti·

58 3233 170 3292 tutam
193 3227 232 3293 ab
257 3226 507 3294 Atheniensibus
530 3229 563 3294 in
588 3228 749 3296 renovetis
773 3225 898 3311 legibus
918 3225 963 3291 ita
984 3232 1146 3291 mutatum
1166 3245 1255 3307 osse,

59 3373 266 3398 Q

97 3472 128 3540 1)
148 3487 187 3521 vv.
206 3469 331 3526 entem<
349 3479 376 3522 et
396 3472 492 3535 θῆτες.
516 3469 608 3525 Snides
625 3472 663 3538 (v.
683 3468 793 3534 θῆττα)
818 3465 963 3534 ἐπίκληρος
988 3465 1038 3516 οὐκ
1064 3464 1166 3532 ἔχουσα
1182 3483 1251 3534 erp.

58 3559 121 3624 νὴν,
136 3557 255 3624 πενιχρὰ
273 3556 497 3617 καταληφθεῖσα
515 3557 569 3608 ὑπὸ
587 3559 636 3606 τοῦ
655 3556 760 3623 πατρὸς
778 3553 832 3604 ὑπὸ
849 3550 881 3602 δὲ
900 3548 954 3601 τόν
970 3551 1123 3618 &ypocrisis
1140 3568 1250 3622 προνκν.

57 3632 161 3705 kephor
186 3638 256 3688 κατὰ
277 3637 362 3699 νόμον
386 3636 575 3689 πεντακοσίων
591 3636 723 3707 δραχμῶν
741 3627 848 3704 προικί,
868 3625 957 3688 endem
974 3646 1041 3708 quae
1055 3632 1249 3709 Harpocration.

57 3724 161 3782 Omitto
180 3726 352 3802 Etymoiugici
371 3730 408 3796 (v.
427 3729 538 3794 θῆττα)
558 3727 671 3782 auctoris
690 3723 841 3779 testimonis
864 3732 896 3776 ut
913 3723 996 3778 etiam
1014 3722 1127 3777 aliorum
1135 3726 1253 3798 qumvis

58 3817 118 3871 deas
145 3817 215 3890 apud
243 3818 397 3890 interpretes
418 3817 450 3871 nd
470 3817 586 3871 Terentii
606 3815 671 3869 lucos
690 3813 817 3868 laudatos.
857 3809 905 3865 cff.
925 3811 1006 3864 etiam
1024 3809 1120 3864 Polites.
1137 3815 1194 3879 iii,
1212 3818 1251 3868 33

57 3917 85 3960 et
110 3906 236 3960 Diodorus
264 3907 313 3960 Sic.
343 3909 407 3973 ΧΗ,
436 3910 480 3959 18.
521 3911 549 3959 tn
579 3904 690 3958 Pciiucis
715 3897 1249 3970 1000(ruateoeeetweeaevpveat

57 3995 279 4065 coeperitne)
306 4014 387 4068 quam
416 3993 542 4047 citissime
560 3994 642 4048 ferma
662 3991 822 4058 πατροῦχος
840 3988 927 4042 locum
950 3987 1026 4042 cedet
1046 3989 1170 4044 vocabulo
1190 4011 1250 4047 sere

54 4102 147 4157 graeco
165 4085 322 4148 παμνῦχος,
341 4081 409 4155 quod
431 4081 510 4134 Cobet
528 4085 569 4152 (N.
590 4087 616 4134 t.
638 4101 662 4154 p.
674 4082 740 4149 720)
759 4079 838 4132 etiam
850 4077 968 4130 restituit
979 4076 1173 4149 Herodoto(V1‚
1185 4084 1247 4153 57):

56 4172 184 4238 δικάζειν
201 4188 246 4222 rra
257 4191 299 4233 po
310 4170 326 4220 d
337 4189 355 4236 χ
368 4188 380 4218 o
391 4186 408 4218 o
425 4169 488 4237 πέρι
504 4170 531 4228 ἐς
546 4171 594 4219 τὸν
615 4167 737 4219 ἱκνέεται
755 4166 839 4231 ἔχειν,
856 4165 890 4228 ἢν
907 4168 997 4234 primm
1016 4165 1030 4214 ὁ
1047 4169 1141 4238 πατὴρ
1159 4167 1248 4236 αὐτὴν

56 4257 185 4322 ἐγγυήσῃ.

94 4358 125 4426 2)
145 4353 214 4428 apud
236 4357 308 4407 Eust.
328 4350 357 4406 ad
375 4350 407 4407 ll.
426 4370 459 4418 c,
480 4353 541 4405 tte.

94 4446 124 4514 3)
145 4443 182 4497 ii.
