2842 5018
733 274 797 339 160

167 487 225 554 spe
249 462 396 552 pellexit,
421 468 457 527 ui
480 479 514 525 se
536 457 676 525 traderet
702 460 761 545 ipsi
784 463 823 534 ὡς
847 460 963 526 αὐτίκα
986 461 1021 534 bb
1041 459 1135 539 pexa
1154 468 1213 527 νῶν
1233 462 1358 544 ῥητόρων

167 585 395 669 πρωτεύσοντα.
444 581 506 663 Qui
529 580 579 646 sui
604 580 685 646 iuris
709 599 772 646 non
796 588 863 658 est,
888 581 916 646 is
940 582 1081 648 nondum
1101 590 1206 669 potest
1225 583 1359 663 inpuro·

166 714 237 788 ρεῖν.
283 705 328 770 lis
349 710 475 768 tantum
498 701 554 787 qui
575 701 721 786 inscripti
744 709 821 767 sunt
841 701 960 767 tabulis
978 701 1183 768 laxiarchicis
1204 703 1360 770 interesse

166 824 307 892 comitiis
328 823 416 889 licet.
464 819 672 888 Aristarchus
696 820 798 905 igitur
821 819 949 886 ridetur
971 819 1004 885 id
1024 822 1139 887 aetatis
1160 821 1279 899 fuisse,
1299 843 1361 909 quo

167 964 240 1032 spes
270 943 428 1009 oratoriae
457 940 578 1027 gloriae
607 961 671 1006 non
695 939 869 1006 admodum
892 948 1016 1006 remota
1038 940 1154 1018 fuerit,
1180 961 1286 1027 neque
1308 950 1360 1009 tu·

165 1073 252 1130 tores
285 1062 325 1128 ab
356 1060 513 1128 Aeschine
545 1068 856 1136 commemorantur,
889 1058 945 1126 sed
978 1061 1045 1146 ipse
1072 1061 1284 1127 Aristarchus
1307 1066 1360 1138 aba

166 1186 271 1251 odrico
290 1181 479 1265 δεννχενρὶζεν.
525 1181 627 1246 Mater
647 1198 721 1246 vero
741 1180 811 1246 eius
831 1162 955 1258 ἡγεμὼν
975 1189 1032 1256 τῆς
1054 1180 1150 1254 ciulac
1170 1180 1309 1260 dicitur,
1329 1181 1360 1247 id

166 1312 215 1370 est
245 1302 375 1368 domina
399 1300 525 1366 domus.
573 1299 780 1385 Negligenter
804 1319 879 1365 vero
904 1302 937 1365 in
961 1300 1230 1386 praecedentibus
1253 1311 1360 1368 orator

166 1422 290 1489 dixerat
321 1422 354 1487 ci
386 1420 418 1485 δὲ
449 1419 578 1501 μητέρες
608 1418 728 1502 διῴκουν
751 1420 806 1494 τὴν
827 1421 946 1487 odolei.
994 1421 1059 1486 Hoc
1079 1423 1167 1487 enim
1191 1422 1246 1487 lus
1269 1442 1360 1488 num·

167 1561 264 1628 quam
297 1559 393 1626 penes
425 1547 562 1606 matrem
596 1539 696 1606 luisse
728 1548 839 1606 notum
869 1549 937 1620 est,
959 1543 1152 1628 praesertim
1178 1563 1253 1608 cum
1277 1542 1360 1609 filius

167 1663 235 1749 ipse
255 1658 441 1741 δενχενρίζων
460 1661 516 1734 τὴν
535 1658 640 1723 adulor
660 1659 725 1724 iam
746 1658 803 1724 sui·
819 1660 900 1726 iuris
918 1671 1015 1727 essct.
1064 1662 1138 1728 lure
1157 1664 1257 1748 igitur
1275 1663 1358 1728 banc

167 1779 347 1847 Aristarchi
377 1787 516 1844 matrem
547 1778 697 1845 omittere
727 1777 822 1859 licet,
846 1799 922 1846 cum
946 1798 1053 1847 sermo
1080 1790 1129 1847 est
1153 1780 1191 1848 de
1213 1780 1356 1860 leminis,

167 1920 248 1987 quae
273 1920 324 1966 res
348 1900 436 1985 ipsae
459 1917 534 1964 suas
558 1906 691 1983 geruum
716 1901 905 1985 praesertim
930 1920 1005 1966 cum
1030 1910 1189 1969 oratorem
1214 1900 1360 1988 sibiipsi

166 2020 389 2107 obloquentem
426 2017 601 2085 habeamus
632 2020 725 2106 prius
758 2019 918 2086 dicentem
954 2023 987 2087 ei
1018 2023 1050 2087 δὲ
1082 2022 1211 2104 μητέρες
1241 2022 1361 2106 διῴκουν

166 2142 221 2215 τὴν
244 2140 349 2206 aeetae
373 2145 405 2205 et
426 2137 540 2205 deinde
564 2139 718 2214 νεανίσκος
744 2139 770 2204 δ’
793 2141 923 2222 ὀρφανὸς
948 2143 1105 2222 icipanda
1127 2141 1289 2224 διεχείριζε
1308 2146 1361 2219 τὴν

167 2260 284 2327 odolen.

213 2380 293 2446 Cum
326 2377 366 2444 de
393 2376 562 2464 adoptione
586 2379 760 2465 agebamus
773 2381 818 2469 ¹),
842 2383 984 2450 diximus
1006 2383 1045 2450 de
1069 2382 1194 2451 duabus
1218 2384 1361 2462 seminis,

168 2519 250 2585 quae
276 2497 469 2565 vibebantur
492 2519 683 2566 consensum
708 2501 786 2568 dare
811 2510 847 2568 ut
871 2503 929 2569 filii
952 2502 1197 2589 adoptarentur,
1232 2504 1287 2572 sed
1312 2505 1361 2572 de·

168 2620 419 2686 monstravimus
443 2627 596 2686 neutrum
621 2621 803 2707 exemplum
828 2623 1004 2709 quidquam
1029 2624 1174 2710 probare.

88 2792 97 2805 .
200 2741 248 2806 'ln
279 2738 444 2806 comoedia
476 2739 566 2805 nihili
599 2741 751 2808 duximus
774 2742 910 2810 seminas
933 2742 1145 2819 foenerantem
1171 2745 1261 2811 aliud
1285 2745 1359 2832 quid

167 2869 217 2928 cst
248 2860 281 2925 in
312 2860 456 2926 oratione
486 2859 640 2926 adversus
672 2861 825 2948 Spudiem
841 2864 882 2950 ²),
916 2863 970 2928 ubi
999 2863 1082 2930 idem
1108 2867 1262 2931 occurrit.
1307 2867 1360 2931 Po·

167 2981 288 3070 lyeuoti
320 2999 402 3045 uxor
431 2998 550 3065 genero
585 3001 644 3047 suo
676 2981 815 3069 Spudiae
846 2983 933 3050 mille
964 2985 1166 3069 octingentas
1189 2984 1361 3052 drachmas

168 3108 299 3168 mutuas
322 3098 428 3178 dedit,
453 3101 486 3165 in
511 3101 606 3166 cuius
628 3102 675 3166 rei
700 3101 794 3169 fidem
819 3105 1002 3191 conscripta
1023 3114 1115 3171 crant
1136 3103 1360 3186 poppaeae

168 3205 336 3286 κννέλννὲεν
367 3221 585 3296 daododruooo'
617 3222 724 3296 ἐκείνη.
773 3224 885 3290 Testes
919 3224 1015 3291 huius
1040 3227 1086 3292 rei
1110 3226 1267 3292 dicuntur
1291 3246 1360 3293 mu·

168 3338 257 3406 lieris
291 3338 427 3416 iratres,
463 3341 519 3426 qui
549 3339 698 3407 omnibus
730 3341 827 3408 rebus
859 3345 1085 3413 interfuerant.
1141 3346 1221 3412 (lum
1254 3355 1360 3414 autem

168 3460 263 3528 verbo
295 3460 483 3542 δννεΙζενθνν
515 3461 593 3527 insit
625 3461 818 3548 significatio
850 3484 939 3530 cum
969 3464 1144 3532 foenore
1167 3475 1360 3533 mutuum

168 3580 360 3648 sumendi
383 3580 409 3666 ³)
443 3587 475 3646 et
499 3589 608 3646 orator
632 3581 664 3646 h.
688 3581 711 3649 l.
738 3580 856 3650 diserte
880 3584 1000 3651 dixerit
1022 3585 1057 3662 ἦν
1081 3587 1137 3666 μὲν
1160 3588 1224 3668 γὰρ
1245 3587 1362 3670 τάργύ-

168 3725 225 3783 pror
256 3702 342 3782 napa
366 3708 421 3776 τῆς
445 3703 639 3769 Πολυεύκτου
664 3704 942 3782 δεδανεισμένας
966 3705 1130 3785 γυναικός,
1154 3707 1361 3792 cogitandum

207 3996 237 4062 1)
257 3995 344 4066 poa,
365 4013 390 4048 n.
411 4000 426 4047 1
448 4006 475 4050 ee
494 4002 519 4051 a.

207 4084 238 4144 2)
259 4081 389 4137 Demostb.
408 4104 433 4156 p.
445 4090 531 4154 1030,
550 4089 565 4156 p
585 4091 602 4142 9
623 4097 649 4141 et
669 4109 692 4162 p.
704 4093 788 4155 1034,
810 4090 825 4159 d
845 4091 888 4143 21.

207 4173 237 4239 3)
258 4169 340 4223 Huius
366 4173 438 4227 uerbi
461 4185 488 4228 et
512 4176 678 4250 aliquatenus
702 4179 810 4251 oppositi
835 4179 984 4230 αἰτεῖσθαι
1010 4197 1071 4233 usna
1091 4180 1238 4253 exemplum
1262 4181 1319 4236 vide
1338 4182 1365 4236 in

171 4259 327 4329 [hemonia]
346 4272 410 4316 orat.
427 4263 483 4318 adv.
499 4265 612 4319 Timotb.
628 4287 652 4340 p.
663 4269 748 4333 1190,
769 4268 846 4336 §aaz
866 4268 977 4330 wippone
994 4266 1027 4326 ὡς
1045 4270 1092 4318 τὸν
1108 4268 1219 4337 πατέρα
1235 4269 1285 4319 τὸν
1302 4271 1366 4335 ἐμὸν

171 4345 332 4414 Αἰσχρίωνα
349 4349 398 4399 τὸν
415 4350 570 4403 ἀκόλουθον
589 4355 637 4405 τὸν
655 4355 743 4405 αὑτοῦ
761 4355 904 4406 ἐκέλευσεν
922 4357 1139 4421 αἰτήσασθαι
1155 4357 1307 4425 στρώματα
1319 4358 1366 4410 καὶ

172 4426 270 4491 ἱμάτια
281 4430 329 4481 ναὶ
345 4433 443 4492 φιάλας
460 4434 577 4505 ἀργυρᾶς
595 4439 664 4507 δύο,
683 4439 731 4490 nal
749 4443 819 4502 μνᾶν
836 4441 965 4509 ἀργυρίου
985 4439 1228 4492 δανείσασθαι.
1312 4482 1323 4493 ,
