2842 5018
660 289 703 350 ou

78 467 132 533 lrio
157 488 208 544 se,
232 488 296 534 non
322 468 440 547 filiuni,
464 471 495 536 in
517 469 687 537 drolriadis
707 471 839 536 domum
861 470 1085 558 adoptaverat·;
1105 490 1179 537 cum
1202 471 1277 540 Leo·

77 597 183 656 crates
215 590 317 674 igitur
348 589 486 668 rediret,
517 590 650 677 reliquit
681 589 784 657 lilium
808 592 989 657 naturalem
1014 591 1218 658 beostratum
1242 594 1276 658 in

77 709 248 776 archiadis
272 710 379 788 domo,
404 711 457 778 bic
480 713 601 798 igitur,
628 721 664 776 ut
688 713 734 778 ito
758 711 883 790 dicam,
908 711 1079 778 Archiadis
1103 731 1202 797 nepos
1223 731 1278 778 na·

75 831 193 896 turalis
212 840 283 896 erat
303 839 336 897 et
356 831 468 898 relicto
489 831 553 897 filio
574 830 725 918 adoptato
745 831 778 896 in
799 833 970 918 pristinam
989 833 1122 898 revertit
1133 830 1276 897 domum.

75 951 124 1016 Ex
148 951 310 1019 alia'vero
333 960 424 1038 parte
448 951 543 1017 obiici
571 959 675 1038 potest
698 951 922 1030 barsumam,
953 971 1028 1017 cum
1054 970 1116 1017 non
1141 949 1274 1018 habere·

36 1111 39 1114 -
75 1079 130 1136 tur
161 1091 219 1158 pro
244 1071 412 1158 adoptato,
443 1092 504 1138 non
530 1073 672 1158 potuisse
696 1072 860 1139 reverti
885 1072 917 1137 in
942 1072 1106 1138 Leocratis
1128 1070 1274 1140 doraum.

76 1191 223 1278 Undique
256 1200 406 1258 tenemur
434 1193 681 1268 controversiis,
706 1188 846 1278 quarum
871 1191 923 1256 ius
946 1191 1082 1257 atticum
1108 1193 1209 1258 nimis
1231 1191 1275 1258 ie·

74 1331 133 1379 rax
165 1320 230 1387 est;
264 1312 323 1378 boc
349 1333 425 1379 vero
450 1311 602 1378 didicisse
626 1312 705 1378 satis
730 1319 798 1377 esto
822 1309 924 1396 legem
949 1311 1062 1376 sivisse
1085 1310 1273 1398 adoptatum

75 1433 109 1499 in
140 1431 273 1499 domurn
306 1433 408 1519 patris
432 1434 483 1498 sui
507 1431 630 1509 redire,
656 1431 684 1497 si
707 1430 808 1498 lilium
831 1428 1011 1497 naturalem
1037 1431 1070 1496 in
1091 1430 1274 1517 adoptantis

74 1551 169 1619 domo
200 1551 415 1640 relinqueret,
447 1561 482 1620 at
510 1552 650 1619 vetuisse
683 1570 720 1618 eo
749 1551 868 1617 reverti
888 1550 1039 1637 adoptato
1063 1551 1128 1618 lilio
1149 1551 1271 1619 relicto.

73 1671 230 1739 Videmur
254 1674 313 1740 hac
336 1675 406 1760 ipsa
426 1672 465 1740 de
486 1693 522 1740 ne
542 1672 667 1739 Solonis
686 1648 804 1739 habere
825 1671 943 1758 legem;
966 1673 996 1737 in
1019 1678 1163 1739 extrema
1182 1672 1270 1739 enim

73 1793 135 1859 bac
169 1796 313 1859 oratione
349 1792 487 1878 legimus
521 1792 668 1859 Solonem
701 1792 883 1857 instituisse
918 1793 1001 1875 »qni
1034 1811 1097 1857 non
1129 1791 1270 1878 adoptati

75 1919 197 1988 essent,
229 1931 303 1977 cum
329 1910 424 1976 Solon
447 1911 615 1976 archontis
638 1911 866 1995 magistratum
892 1911 1006 1985 iniret,
1036 1912 1077 1976 iis
1100 1918 1270 2007 testamen-

76 2038 148 2096 tum
172 2028 277 2097 iacere
301 2049 360 2095 suo
383 2028 543 2095 arbitratu
567 2028 712 2095 licere.'’·
746 2028 811 2094 lloo
836 2027 931 2094 Solon
957 2030 1114 2109 instituit,
1136 2039 1169 2098 et
1189 2051 1271 2116 quae

74 2158 257 2237 sequuntur
288 2169 352 2214 raon
382 2157 458 2215 sunt
481 2149 561 2236 legis
585 2149 687 2236 ipsius
707 2147 865 2215 ‘vocabula
888 2147 942 2216 sed
969 2150 1106 2217 oratoris
1127 2151 1272 2237 explica·

72 2273 135 2337 tio:
162 2268 341 2356 »adoptatis
360 2277 469 2336 autem
495 2288 557 2336 non
582 2269 656 2335 licet
682 2275 913 2336 testamentum
937 2267 1061 2348 lacere;
1085 2270 1140 2337 sed
1161 2272 1270 2337 viren-

71 2400 122 2459 tes
144 2389 258 2458 relicto
281 2390 423 2476 genuino
446 2389 510 2455 lilio
531 2389 638 2456 redire
659 2398 792 2476 possunt
808 2398 866 2457 aut
886 2399 958 2478 post
978 2400 1114 2459 mortem
1136 2391 1270 2458 reddere

67 2511 284 2579 hereditatem
316 2509 433 2576 debent
465 2510 621 2596 proximis
655 2511 782 2595 agnatis
813 2511 883 2576 eius
907 2512 962 2596 qui
985 2509 1214 2596 adoptaverat''
1229 2512 1265 2598 ¹).

116 2632 226 2698 isaeus
249 2630 347 2696 buius
371 2629 451 2711 legis
474 2629 522 2694 his
538 2631 742 2696 mentionem
767 2628 861 2706 lacit,
886 2637 919 2695 at
943 2631 988 2696 ita
1009 2638 1046 2696 ut
1065 2639 1190 2697 tantum
1213 2650 1267 2717 ap·

70 2760 182 2839 pareat
205 2751 282 2838 quid
307 2750 470 2836 legislator
493 2751 593 2827 sinat,
620 2770 682 2815 non
707 2749 785 2834 quid
809 2758 894 2817 vetet
908 2750 947 2837 ²).

116 2871 257 2939 Eandem
292 2869 509 2956 lexicographi
542 2871 691 2936 certatim
716 2878 986 2938 commemorant:
1011 2869 1132 2938 nullius
1156 2879 1264 2939 tamen

102 3100 136 3185 i)
164 3112 250 3187 igitur
274 3130 337 3167 cum
356 3114 387 3166 G.
408 3115 438 3166 ll.
457 3111 591 3168 Schaefero
610 3111 675 3167 facio
693 3109 862 3166 contendenti
884 3109 979 3166 ultima
997 3111 1121 3166 orationis
1141 3112 1264 3170 rceabula

69 3221 122 3258 non
151 3203 281 3256 continere
309 3199 408 3256 Solonis
436 3199 521 3273 legem
550 3201 716 3256 redemtoris
732 3198 946 3274 explicationem
965 3217 1022 3255 eam
1041 3200 1144 3276 legibue
1162 3203 1264 3260 Solonis

68 3291 176 3347 omnino
201 3291 336 3346 conuenire
364 3308 415 3344 non
429 3285 519 3362 nego,
540 3301 568 3345 at
587 3308 662 3364 aegre
678 3288 745 3344 mihi
765 3287 869 3342 ridetur
888 3307 958 3362 posse
973 3289 1095 3366 coniungi
1115 3291 1263 3351 infinitivus

68 3371 170 3438 beare»
194 3381 221 3434 in
244 3379 374 3455 prioribus
398 3377 531 3432 vocabulis
550 3397 611 3433 cum
632 3377 767 3453 participio
786 3376 849 3440 libr
864 3375 891 3430 iu
906 3379 1098 3451 posterioribus.
1136 3387 1188 3438 ltoc
1206 3404 1264 3458 psr·

66 3469 151 3543 spexit
169 3468 229 3537 ille,
253 3469 299 3544 qui
323 3470 350 3523 in
376 3467 494 3541 margine
517 3467 662 3523 lutetianae
682 3485 729 3542 pro
751 3465 811 3524 etto
838 3466 940 3541 scripsit
958 3468 1072 3538 ἐξεῖναι,
1091 3470 1135 3525 ced
1157 3475 1261 3547 negati„

67 3557 119 3609 οὐκ
146 3556 245 3613 indicat
273 3556 332 3614 ἐξόν
361 3576 446 3611 veram
474 3555 614 3611 lectionem
643 3574 703 3611 esse.
741 3555 839 3610 Reiskii
867 3556 1047 3628 interpretatio
1070 3556 1098 3626 (ὃ
1115 3557 1212 3610 Σόλων
1228 3562 1260 3612 ad

67 3645 152 3712 φησὶν
170 3636 243 3696 εἶναί
260 3663 288 3694 τι
307 3645 378 3713 ἐξόν,
393 3645 410 3699 i.
431 3663 453 3698 e.
473 3643 614 3704 ἀνειμένον
635 3645 683 3693 καὶ
700 3641 865 3713 ἐλεύθερον)
884 3642 961 3696 nihili
977 3652 1030 3710 est;
1045 3643 1145 3699 Bellen
1159 3666 1188 3701 ex
1204 3650 1260 3704 uod.

67 3737 200 3791 marciano
214 3735 350 3790 adnotavit
369 3734 507 3787 lectionem
528 3730 561 3789 ὧν
575 3736 633 3789 τοῖς
651 3729 1021 3799 praemonstratense,
1040 3751 1107 3806 quae
1125 3735 1260 3794 &basiem

66 3844 127 3880 vera
151 3825 269 3891 videtur,
291 3824 353 3898 qaia
372 3820 582 3896 interpretationi
603 3819 726 3888 inservit3
743 3820 809 3875 mibi
829 3838 887 3874 uero
907 3818 1011 3874 ridetur
1029 3821 1160 3894 particula
1178 3824 1260 3881 haud-

64 3933 199 3990 quaquam
218 3931 281 3987 opus
300 3930 360 3966 esse.

104 4007 135 4075 2)
154 4003 187 4057 de
206 4001 271 4057 Plril.
291 3999 344 4054 ber.
366 4019 389 4074 p.
401 4002 452 4066 60,
473 4001 488 4067 b
511 4002 546 4052 ld
565 3997 638 4052 etde
658 3998 735 4053 Arist.
755 3997 809 4052 her.
831 4019 854 4072 p.
867 4002 914 4064 80,
936 4000 951 4068 b
970 4001 1015 4052 11.
1054 3999 1169 4059 Ultimus
1187 4005 1259 4064 locus

66 4089 207 4147 manifeste
225 4098 362 4162 corruptos
381 4096 435 4155 est;
451 4086 558 4143 Scheibe
572 4106 601 4141 ex
622 4087 729 4142 Dobreei
746 4086 874 4142 sententia
888 4085 971 4141 edidit
989 4085 1016 4142 tt
1033 4086 1122 4140 αὑτοῦ
1143 4091 1178 4144 δέ
1195 4112 1259 4148 τινα

65 4182 185 4247 ἀγαγεῖν
202 4179 252 4229 οὐκ
270 4176 329 4228 ἔστι
345 4176 425 4238 νόμος
444 4196 488 4251 pro
507 4176 534 4232 ἐξ
555 4175 642 4225 αὐτοῦ
663 4175 727 4244 nri,
744 4193 791 4230 neu
806 4185 896 4230 tumen
914 4173 1002 4231 locum
1020 4177 1057 4230 sio
1069 4193 1258 4258 perpurgatum

64 4289 118 4326 essa
137 4278 238 4338 censet,
257 4287 337 4344 qnam
356 4266 389 4321 ob
408 4283 512 4321 causam
532 4266 586 4339 ipse
605 4265 666 4320 lraoa
684 4263 913 4320 contionatum·
929 4265 955 4315 δ’
967 4265 1027 4317 υἱὸν
1044 4265 1132 4319 αὑτοῦ
1148 4270 1259 4326 ἅντινα.

66 4363 185 4427 operato
214 4359 263 4409 οὐκ
288 4357 346 4409 ἔστι
364 4355 459 4424 νόμος,
487 4355 514 4408 in
540 4353 637 4430 quibus
657 4354 722 4429 quid
748 4354 959 4420 ἀντεισαγανεΐν
977 4357 1107 4431 significet
1127 4381 1177 4417 non
1198 4385 1255 4439 per·

63 4449 152 4522 spicio.
192 4452 272 4505 Locus
293 4446 396 4503 videtur
415 4443 565 4500 insanabilis
585 4462 651 4514 esse,
671 4445 824 4520 praesertim
843 4444 865 4500 si
884 4444 962 4503 libros
980 4448 1047 4520 ipsos
1060 4448 1209 4524 inspexeris.
