2842 5018
736 280 799 344 100

172 467 393 534 testimoninm
428 465 610 532 describere
641 466 761 542 iurati
778 475 1003 550 praeterquam
1036 464 1302 552 Harpocrationis
1324 467 1369 555 ¹),

171 589 249 674 qnia
280 587 365 653 solus
396 586 449 654 ilic
478 588 622 675 perditae
646 584 853 672 Antiphontis
877 587 1032 653 orationis
1056 586 1278 672 fragmentum
1304 606 1369 653 ser·

169 709 274 774 ravit:
309 707 488 794 »adoptatis
517 709 551 771 in
575 714 741 792 paternam
766 706 897 771 domum
921 706 1027 773 redire
1053 727 1114 773 non
1139 706 1277 784 licebat,
1306 708 1367 774 nisi

169 827 336 894 naturaies
366 828 483 893 liberos
516 828 550 892 in
581 826 764 913 adoptantis
781 826 883 892 ‘domo
906 826 1142 913 relinquerent,
1166 835 1204 893 ut
1227 834 1369 894 testatur

171 948 334 1034 Antiphon
369 949 403 1014 in
439 947 583 1013 oratione
614 945 653 1013 de
684 945 860 1013 Gallisirnti
890 945 992 1013 tutela
1021 955 1054 1014 et
1086 945 1180 1014 Solon
1212 947 1368 1015 vicesima

174 1070 281 1155 prima
308 1068 415 1154 legum
440 1066 583 1135 tabula.”
631 1067 736 1153 igitur
760 1068 856 1134 etiam
883 1067 935 1133 bic
959 1067 1062 1153 legem
1087 1066 1196 1133 Saloni
1220 1067 1348 1134 tribuit.

169 1215 173 1224 ·
217 1187 338 1255 Eadem
361 1208 437 1256 cum
461 1199 570 1255 essent
593 1189 666 1254 iura
689 1195 787 1274 atque
810 1185 914 1254 officia
939 1187 998 1253 filii
1021 1188 1164 1275 adoptati
1182 1196 1216 1254 et
1237 1197 1367 1257 natura·

170 1309 214 1376 iis
228 1309 275 1398 ²),
311 1309 395 1375 filius
426 1309 598 1395 adoptatus
621 1307 813 1374 succedebat
836 1309 869 1373 in
893 1327 1004 1374 omnes
1028 1307 1197 1375 inanitates
1221 1310 1295 1376 cius
1316 1311 1369 1398 qui

171 1448 246 1497 eum
270 1428 497 1514 adoptaveram
519 1428 604 1516 qnod
627 1437 735 1495 tamen
760 1449 824 1494 non
847 1448 975 1516 semper
997 1427 1111 1506 fiebat,
1131 1449 1225 1508 nam,
1247 1431 1275 1496 si
1297 1432 1368 1516 quis

172 1547 239 1614 iilic
269 1548 419 1635 adoptato
450 1568 549 1615 uxore
580 1548 678 1614 ducta
703 1546 822 1614 liberos
856 1557 1041 1634 procrearet
1075 1548 1177 1635 (uuila
1206 1547 1295 1615 enim
1321 1548 1369 1616 lex

170 1668 300 1736 vetabat
322 1688 398 1735 eum
416 1671 477 1755 qui
499 1669 707 1756 adoptaverat
731 1669 764 1734 id
788 1667 921 1757 iacere),
947 1669 998 1735 lex
1022 1669 1185 1756 praecepit
1210 1668 1280 1736 »ias
1300 1689 1368 1737 esse

171 1797 209 1858 ut
240 1789 411 1877 adoptatus
434 1808 508 1855 cunr
533 1788 684 1874 genuinis
706 1787 818 1857 liberis
842 1807 953 1876 param
977 1795 1081 1857 ratam
1107 1777 1289 1876 portionem
1313 1789 1369 1856 hc·

171 1909 321 1995 reditatis
344 1911 538 1977 sortiretur”
553 1909 592 1998 ³).

217 2033 266 2098 lta
289 2031 387 2097 etiam
410 2030 568 2116 adoptivis
591 2030 644 2096 ius
667 2036 738 2096 erat
761 2035 991 2116 postmortem
1011 2028 1196 2117 adoptantis
1216 2029 1251 2096 in
1274 2029 1370 2097 huius

171 2150 303 2239 praedia
332 2160 365 2218 et
394 2169 470 2237 opes
500 2147 672 2214 inuadendi
707 2149 777 2215 sine
800 2149 995 2224 ἐπιδιαασίαα
1019 2150 1158 2224 articam
1182 2149 1369 2236 quodcum

169 2271 296 2338 videam
319 2290 339 2335 a
362 2268 620 2356 Sohocmannoi)
645 2269 827 2336 rectissime
849 2269 1044 2356 explicatum
1069 2288 1154 2347 csse,
1176 2269 1276 2338 buius
1296 2278 1371 2339 utar

170 2390 352 2457 vocabulis:
386 2390 574 2470 ἐμβατεύειν
602 2408 665 2454 ιιοιι
693 2388 788 2456 licuit
818 2409 877 2476 per
906 2389 993 2475 legas
1016 2390 1078 2455 nisi
1104 2390 1172 2456 suis
1195 2388 1371 2459 heredibus

171 2511 204 2577 b.
226 2532 254 2578 e.
279 2509 354 2576 iiiiis
377 2509 427 2576 vel
449 2508 619 2597 nepotibus
642 2510 845 2577 naturalibus
867 2511 971 2596 iisque
994 2509 1169 2597 adoptivis,
1203 2511 1261 2596 qui
1284 2513 1372 2579 inter

170 2632 261 2698 rivos
280 2630 423 2716 adoptati
443 2636 557 2710 erant3
580 2630 635 2715 qni
657 2637 764 2696 antem
777 2636 979 2696 testamento
997 2639 1106 2697 essent
1127 2628 1289 2716 adoptati,
1314 2631 1373 2698 bns

173 2753 350 2836 ἐπιδικασία
373 2751 422 2816 uti
442 2749 619 2836 oportebat.
668 2751 871 2836 Quamquam
892 2751 1003 2817 isacus
1014 2751 1041 2838 ⁵)
1066 2751 1214 2817 universe
1232 2749 1373 2837 loquens

171 2874 231 2947 τας
263 2872 477 2952 ἐπιδικασίας,
509 2872 575 2950 ait,
604 2874 630 2938 oi
653 2872 819 2948 εἰσπαίατα
843 2869 961 2946 πάντες
985 2876 1156 2938 noroberet:
1182 2871 1238 2938 sed
1258 2872 1371 2938 minus

170 2992 233 3058 hcc
261 2999 412 3058 accurate
436 2990 576 3068 dictum,
608 2999 639 3056 et
665 2993 720 3077 qui
744 2993 941 3058 interrivos
965 2992 1107 3078 adoptati
1129 2998 1242 3071 erant,
1271 2992 1372 3058 sicuti

170 3131 230 3200 par
261 3110 485 3192 διαμαρτυρίαν
514 3109 652 3176 aliorum
687 3111 883 3184 ἑαιδιαααίας
916 3110 1106 3178 submovere
1136 3119 1287 3198 poterant
1315 3110 1369 3198 (ci.

170 3250 312 3319 prooem.
331 3229 371 3296 ad
392 3249 440 3298 or.
462 3229 501 3296 dc
520 3229 603 3297 Men.
625 3229 708 3318 ber.)
731 3231 777 3296 ita
798 3232 885 3319 ipsos
904 3231 974 3296 sine
995 3231 1173 3317 ἐπιδικασία
1194 3250 1253 3320 per
1268 3233 1372 3313 ἐμβα-

66 3373 71 3379 ·
169 3351 258 3418 τείαν
279 3349 475 3418 hereditates
498 3367 656 3435 occupare
678 3351 821 3435 potuisse
845 3349 987 3417 ostendit
1008 3351 1174 3439 orator⁰):
1207 3341 1373 3433 εἀεβαέτευὲ

171 3495 222 3539 nau
245 3469 339 3543 οὕτως
362 3473 404 3546 εἷς
428 3469 486 3545 aba
508 3470 629 3546 οὐσίαν,
654 3472 692 3544 ὥς
715 3472 768 3537 ὑπ’
793 3471 903 3538 ἐκείνου
928 3471 1035 3553 ζῶντας
1062 3471 1107 3538 ἔτι
1131 3474 1325 3549 εἰσποιηθείς.

214 3591 345 3659 Licebat
368 3610 495 3678 quoque
519 3591 685 3677 adoptanti
710 3599 833 3679 partem
860 3599 987 3659 tantum
1012 3591 1168 3660 bonorum
1198 3591 1266 3660 filio
1295 3593 1370 3660 ado·

83 3699 86 3705 ’
170 3720 260 3802 ptato
282 3712 483 3798 relinquere,
501 3711 588 3796 quod
609 3710 750 3778 fueritne
769 3712 896 3780 licitum
919 3715 953 3780 in
973 3733 1166 3805 quocunque
1187 3714 1373 3803 adoptionis

203 4008 234 4074 1)
255 4021 277 4057 ι.
295 4001 341 4050 ὅτι
359 4000 385 4049 οἱ
401 3997 514 4064 ποιηταὶ
531 3999 643 4058 παῖδας.

203 4096 235 4165 2)
253 4091 298 4147 eff.
314 4095 347 4144 is.
366 4089 400 4143 dc
417 4092 483 4143 iden.
508 4087 561 4143 her.
582 4092 597 4160 p
618 4093 654 4144 10
672 4099 700 4144 et
716 4089 749 4145 dc
770 4091 879 4166 dotpph.
893 4095 947 4147 bar.
968 4109 993 4163 p.
1006 4094 1056 4161 75,
1077 4093 1091 4160 b
1114 4095 1137 4146 7.

203 4187 235 4253 3)
254 4184 288 4235 ls.
306 4178 345 4232 de
358 4176 423 4233 abit.
443 4177 496 4232 her.
517 4198 541 4250 p.
553 4181 605 4246 82,
626 4181 640 4248 b
661 4182 705 4233 63.

205 4274 238 4342 i)
257 4270 289 4324 ad
309 4273 426 4336 Isaeum,
446 4287 470 4342 p.
482 4269 536 4321 toa
555 4285 593 4340 sq.

172 4392 175 4395 Δ
204 4363 236 4432 5)
255 4358 287 4413 de
307 4356 398 4433 Pyrrhi
419 4356 471 4412 ber.
492 4377 516 4432 p.
529 4360 580 4424 ii,
601 4357 615 4424 b
636 4360 679 4410 61.

204 4453 234 4521 6)
252 4447 412 4520 [ermom]
431 4446 487 4504 adv.
509 4445 597 4502 Lencb.
618 4464 644 4518 p.
655 4447 742 4515 1086,
763 4446 777 4515 ᾗ
797 4449 840 4500 ib.
