2842 5018
623 694 697 764 ΙΙΙ.

413 905 463 969 DE
493 902 755 970 nttnlttorttt
783 903 891 968 FINE.

557 1159 734 1168 .—..--—-—-—

634 1370 663 1432 i.

214 1624 216 1626 .
302 1585 339 1629 ΒΕ
363 1583 452 1630 nonis
475 1582 581 1639 Quintis
605 1581 816 1629 nnrntnonrutt
840 1584 993 1630 sotvr'rttn.

102 1799 343 1866 Matrimonium
376 1797 497 1884 duplici
529 1797 622 1862 modo
654 1797 730 1862 solvi
766 1804 889 1883 potest:
914 1805 1017 1863 morte
1040 1804 1073 1863 et
1097 1795 1246 1862 divortio.
1301 1840 1303 1845 >

55 1920 102 1984 De
133 1917 188 1981 ilia
219 1935 281 1980 non
312 1924 363 1980 est
395 1915 480 2000 quod
506 1934 652 2000 agamus.
701 1917 852 1980 Attamen
885 1934 960 1979 oum
992 1915 1173 2000 quaesitum
1207 1915 1251 1981 sit

57 2037 145 2101 inter
176 2036 258 2100 iuris
289 2034 379 2100 attici
405 2032 566 2099 studiosos
589 2034 793 2099 exstiteritne
817 2031 902 2120 apud
927 2033 1138 2101 Athenienses
1162 2053 1250 2101 mors

55 2174 140 2242 qnae
170 2155 292 2220 dieitur
322 2153 444 2233 civilis,
474 2154 551 2220 haao
577 2155 604 2220 si
628 2154 789 2221 exstiterit
815 2155 995 2219 necessario
1018 2154 1115 2222 finem
1136 2157 1250 2221 matri-

56 2275 158 2340 monii
181 2273 285 2340 faoere
310 2273 432 2341 debuit.
482 2274 602 2341 Nomen
629 2283 736 2341 autem
761 2276 867 2360 ipsum
895 2275 927 2339 in
952 2275 1022 2340 iure
1042 2275 1140 2340 attico
1161 2275 1250 2361 igno·

57 2405 125 2462 turn
151 2402 218 2472 est,
242 2413 294 2460 res
319 2412 394 2461 vero
418 2414 481 2461 non
505 2396 570 2474 ita,
596 2415 672 2460 nam
698 2397 729 2460 in
755 2396 814 2474 iis,
840 2414 922 2482 quae
945 2397 1075 2461 iamiam
1100 2394 1249 2461 dicturus

57 2536 130 2582 sum
151 2515 249 2581 huius
269 2516 316 2581 roi
337 2517 474 2602 vestigia
495 2535 697 2602 nequaquam
721 2515 865 2600 neganda
879 2515 1088 2602 apparebunt.
1124 2514 1250 2601 Apollo·

55 2636 153 2701 dorus
186 2637 219 2700 in
253 2637 397 2701 oratione
427 2634 498 2700 adv.
530 2635 749 2702 Nicostratum
764 2635 789 2723 ¹)
814 2635 907 2702 docet
931 2635 1017 2720 leges
1042 2633 1151 2700 iubere
1173 2654 1248 2702 eum

57 2758 111 2842 qui
136 2754 323 2840 redemptus
350 2762 399 2820 est
423 2753 462 2819 ab
487 2754 634 2821 hostibus
658 2757 728 2822 eius
748 2774 817 2821 esse
837 2756 892 2840 qui
914 2772 988 2819 eum
1010 2752 1163 2829 redemit,
1186 2757 1251 2821 nisi

55 2875 196 2962 pretinm
221 2875 412 2941 restituerit.
460 2873 492 2940 is
515 2877 571 2960 qui
596 2893 634 2940 ex
659 2873 759 2941 iihero
783 2893 895 2940 servus
914 2872 1019 2938 fantus
1041 2880 1090 2938 est
1112 2883 1249 2941 mortem

56 2994 185 3061 oiviiem
219 3013 333 3080 passus
367 3012 436 3060 esse
467 2994 532 3060 diei
555 3001 670 3081 potest.
720 2993 892 3059 Servorum
918 3000 1026 3057 autern
1051 2991 1175 3057 nulium
1200 3000 1250 3058 est

56 3113 253 3180 nonnultinm
293 3116 378 3180 inter
410 3133 479 3180 sese
513 3115 651 3180 invicem
684 3133 787 3199 nequo
820 3130 986 3178 servorum
1018 3126 1092 3177 oum
1128 3111 1249 3179 liberis.

59 3233 117 3300 Sin
140 3252 216 3299 vero
237 3233 424 3320 redemptus
447 3252 485 3299 ex
511 3235 698 3320 captivitate
722 3235 786 3298 iam
811 3240 904 3298 antea
929 3249 1061 3298 uxorem
1086 3232 1249 3314 duxisset,

58 3355 118 3421 hoo
143 3356 387 3421 matrimonium
410 3354 501 3419 nihili
523 3374 590 3420 esse
611 3363 752 3440 oportet,
773 3357 799 3420 si
822 3354 1009 3441 redemptus
1029 3356 1170 3440 pretium
1191 3373 1250 3440 pro

58 3495 93 3542 se
116 3474 256 3541 solutum
282 3497 345 3541 non
369 3477 544 3541 restituens
567 3478 730 3554 ἀγώγιμος
757 3476 823 3541 fiat.
877 3476 989 3561 Itaque
1009 3495 1043 3540 ea
1065 3493 1162 3560 quam
1183 3473 1251 3537 dixi

57 3596 143 3661 vitae
166 3595 312 3660 condicio
336 3603 461 3660 mutata
487 3596 693 3660 matrimonio
718 3595 814 3660 finem
833 3593 981 3661 faciebat.
1030 3591 1184 3679 Exempla
1204 3601 1249 3658 ta·

58 3735 132 3781 men
156 3715 291 3781 huiusce
314 3718 360 3780 rei
385 3717 514 3779 omnino
539 3713 666 3779 desunt.

103 3836 148 3901 De
171 3835 324 3901 infamiae
347 3855 448 3922 poena
472 3833 556 3920 apud
579 3832 790 3898 Athenienses
810 3833 911 3898 multa
933 3836 1052 3919 optimo
1072 3832 1249 3918 disputavit

57 3954 219 4040 Naber²);
243 3976 282 4021 ex
304 3955 355 4019 his
381 3963 488 4019 tamen
511 3961 644 4039 apparet
666 3960 743 4038 quot
767 3960 799 4018 et
815 3961 935 4039 quanta
956 3955 989 4019 in
1009 3954 1068 4020 hae
1090 3953 1172 4018 iuris
1191 3974 1250 4040 pu·

55 4074 132 4141 biioi
158 4084 251 4162 parto
274 4077 470 4141 nesciantur.
519 4073 626 4158 Neque
651 4081 759 4137 tamen
780 4072 913 4139 dubium
934 4082 996 4152 est,
1017 4074 1096 4160 quin
1116 4074 1148 4139 id
1172 4094 1248 4160 quo·

96 4349 125 4416 1)
146 4345 307 4416 [Demostb]
328 4365 352 4416 p.
362 4345 449 4408 1249,
469 4343 483 4410 ᾗ
505 4345 549 4394 11.

96 4436 129 4507 2)
148 4435 180 4489 do
199 4433 252 4488 fide
271 4433 367 4490 Antioc.
387 4433 419 4486 de
438 4435 513 4506 Mysi.
535 4448 559 4502 p.
570 4431 605 4482 at
624 4446 661 4502 sq.
