2842 5018
729 263 768 323 10

160 447 326 536 phratrias
350 445 450 514 'lihro
493 445 628 512 inscribi
668 446 762 510 iussit
798 444 1049 534 Thrasylum
1086 446 1350 532 Apollodori.

159 567 227 634 Non
261 565 390 654 quidem
415 568 530 639 *nescio
558 567 629 631 iure
651 567 750 631 attico
773 564 910 632 seminas
932 565 1076 652 adoptari
1103 584 1163 631 non
1190 569 1351 652 potuisse;

160 688 215 755 sed
251 686 459 774 Apollodorus
491 687 618 773 proprie
643 705 705 751 non
729 685 892 772 adoptavit
917 707 1077 753 sororem:
1101 706 1171 752 conr
1197 686 1348 753 heredem

160 809 291 895 scripsit
322 817 354 874 et
386 806 483 873 simul
512 813 650 892 nuptum
682 806 832 885 clooavit,
865 806 899 872 id
922 814 972 873 est
995 807 1158 893 adoptarit
1182 805 1285 873 filium
1309 828 1349 874 on

159 949 267 995 sorore
301 930 524 1007 nasciturum,
555 936 653 1013 atque
683 928 728 992 ita
762 928 848 993 cavit
878 948 918 994 ne
950 949 1065 994 nomen
1097 948 1193 994 suum
1227 929 1349 1016 periret

158 1056 190 1115 et
213 1050 341 1116 curavit
365 1056 402 1114 ut
427 1048 491 1114 lilio
514 1067 554 1114 ex
577 1067 684 1114 sorore
708 1055 740 1113 et
763 1046 931 1114 Lucratide
954 1055 1032 1114 nalo
1053 1051 1262 1115 revivisceret
1276 1049 1315 1137 ¹).

204 1169 240 1234 ln
272 1169 353 1234 isaei
384 1169 528 1234 oratione
551 1167 591 1234 de
615 1166 732 1256 Pyrrhi
753 1166 860 1233 hered.
876 1167 901 1256 ²)
926 1170 1069 1234 occurrit
1096 1169 1223 1235 lindius
1249 1168 1350 1236 irater

161 1307 264 1374 neque
293 1287 474 1370 ὁμοπάτριος
499 1307 603 1374 neque
629 1289 810 1369 ὁμομήτριος
837 1287 893 1353 scd
921 1287 1092 1374 adoptatus
1120 1309 1264 1356 sororem
1294 1287 1350 1355 de·

159 1407 335 1495 spondeus,
356 1407 441 1494 qnod
462 1416 568 1474 tomen
589 1427 659 1473 non
673 1407 785 1472 fratris
805 1406 860 1473 scd
880 1409 980 1488 κυρίου
999 1409 1071 1475 inre
1085 1411 1218 1494 peregit.
1235 1378 1250 1397 ⁶
1266 1408 1347 1474 Nam

158 1547 276 1615 genere
298 1529 467 1614 proximus
490 1535 559 1594 erat
583 1526 700 1615 Pyrrhi
725 1526 809 1592 filiae
832 1534 864 1592 et
887 1546 966 1592 usus
986 1534 1036 1594 est
1057 1529 1128 1594 iure
1148 1528 1210 1594 sihi
1232 1549 1250 1594 a
1272 1528 1348 1613 legi·

157 1647 219 1714 hus
239 1647 328 1723 dato,
353 1656 389 1714 nt
408 1667 478 1713 conr
499 1654 555 1713 aul
575 1647 643 1732 ipse
662 1646 794 1713 duceret
815 1655 873 1712 out
890 1646 1109 1734 desponderet.
1158 1648 1224 1714 Hoc
1237 1656 1347 1715 nortem

157 1785 233 1833 curn
264 1765 394 1843 iecerit,
428 1767 544 1832 rnerito
574 1766 686 1851 qrraeri
717 1772 822 1852 potest
854 1786 918 1853 qno
948 1767 1077 1833 tandein
1110 1769 1182 1834 iure
1218 1767 1350 1842 iecerit;

157 1905 232 1951 num
256 1887 283 1951 si
306 1885 369 1951 filia
394 1887 457 1950 isto
481 1885 598 1974 Pyrrhi
622 1904 735 1951 revera
755 1887 866 1971 spuria
888 1884 966 1962 luit,
987 1895 1020 1953 et
1040 1885 1180 1952 Endiurn
1202 1886 1349 1974 Pyrrhus

156 2004 307 2091 adoptare
339 2013 464 2092 poterat
496 2013 529 2071 et
559 2004 682 2071 Eudios
715 2004 813 2069 liliano
844 2005 936 2071 alteri
961 2004 1175 2092 despondere;
1198 2008 1247 2072 sin
1265 2027 1348 2092 ⁷roro

156 2126 297 2210 genuina
321 2125 436 2200 luerit,
462 2144 525 2190 uon
549 2133 675 2211 poterat
697 2124 822 2191 Eudios
846 2124 991 2212 adoptari
1014 2127 1077 2190 nisi
1101 2145 1228 2212 quoque
1248 2125 1348 2192 filium

156 2243 275 2330 Pyrrhi
311 2243 453 2310 duceret.
514 2243 694 2310 Videtur
730 2245 872 2328 igitur
896 2247 1114 2330 proximus
1137 2253 1349 2332 cognatus

158 2361 1158 2450 inshahuissespuriaeiiliaedespondcndae.

202 2482 1347 2561 Plurescumesscnllratrcs,hiunusororemautso·

43 2596 53 2602 ’
155 2624 276 2670 rores
311 2602 642 2689 de-spondehant.
694 2602 847 2692 Orator³)
884 2607 970 2671 enirn
1007 2613 1118 2671 narrat
1148 2615 1217 2672 tres
1249 2605 1349 2672 luisse

155 2723 274 2791 iratres
305 2725 514 2790 Menexenunr
547 2721 731 2810 Bathyllum
761 2723 990 2799 Periandrum3
1022 2725 1067 2791 illi
1100 2727 1165 2791 iam
1190 2727 1239 2792 sui
1265 2727 1348 2791 iuris

157 2853 264 2921 erant,
288 2843 340 2909 hio
360 2863 436 2907 vcro
453 2841 610 2916 nondum;
631 2850 701 2907 erat
721 2844 806 2908 enirn
827 2843 932 2910 adhuc
945 2864 1039 2930 puer,
1053 2865 1156 2932 neque
1167 2847 1270 2932 igitur
1283 2844 1348 2910 ulla

156 2964 190 3028 in
210 2965 282 3030 iure
299 2961 415 3049 egendi
436 2969 575 3048 potestas
594 2962 623 3027 ei
643 2969 724 3028 erat.
771 2964 965 3030 Menexenus
985 2966 1087 3051 igitur
1106 2986 1180 3033 curn
1201 2964 1350 3054 Bathyllo

98 3095 102 3103 ’
158 3103 299 3149 sororem
333 3102 424 3148 suurn
457 3081 594 3147 elocant.
643 3081 753 3148 isaeus
769 3082 796 3168 ⁴)
829 3103 955 3170 quoque
987 3084 1086 3155 tradit
1115 3084 1207 3151 hinos
1230 3084 1349 3151 fratres

160 3221 236 3268 suas
259 3221 385 3267 sorores
408 3200 532 3267 elocare
555 3201 690 3267 alteram
713 3201 912 3289 Leucolopho
936 3204 1071 3270 altorem
1095 3204 1239 3272 Menecli.

204 3321 271 3387 Hoc
302 3321 384 3386 iuris
414 3322 563 3386 instituto
595 3329 682 3388 recte
713 3324 841 3407 cognito
866 3322 907 3389 ad
930 3325 1144 3392 certissimam
1168 3326 1348 3392 emendati·

160 3543 363 3558 w

193 3712 226 3779 1)
245 3705 377 3762 Notandus
397 3715 436 3760 est
454 3723 524 3761 error
544 3707 659 3762 Platneri
678 3708 737 3779 (der
759 3729 825 3784 proc.
846 3714 884 3781 ll,
904 3731 928 3786 p.
939 3715 1006 3785 251)
1033 3712 1142 3768 dicentis
1161 3712 1346 3788 Apollodorum

155 3797 285 3853 Lucratidi
309 3795 406 3851 dedisse
435 3795 478 3850 die
507 3797 608 3852 toohter
635 3800 722 3853 reiner
750 3800 959 3856 hclbrchwcster.
1003 3805 1097 3857 Orator
1117 3803 1187 3859 euim
1211 3805 1347 3877 perspicue

154 3887 255 3942 indicet
283 3885 431 3961 Apollodori
455 3895 567 3942 matrem
596 3898 652 3961 post
677 3889 795 3964 Thrasyli
823 3891 914 3964 prioris
939 3891 1029 3945 mariti
1052 3899 1164 3946 mortem
1185 3892 1347 3947 Archedemo

155 3975 270 4050 nupsisse
289 3977 316 4046 (ᾗ
338 3977 380 4048 7),
401 3995 430 4030 ox
454 3996 505 4051 quc
528 3977 695 4032 matrimonio
714 3977 771 4033 filia
791 3997 820 4033 co
836 3990 898 4035 nota
916 3989 968 4050 est,
994 3999 1061 4055 quae
1082 3979 1115 4035 ab
1131 3979 1284 4054 Apollodoro
1302 3980 1348 4034 de·

155 4065 312 4140 spondetur3
331 4063 394 4119 hoec
411 4076 514 4134 autern,
535 4075 566 4120 ut
580 4067 691 4121 oratoris
709 4077 771 4121 oter
788 4067 883 4136 serbis,
897 4079 953 4124 erat
972 4068 1078 4120 ἐκείνου
1097 4069 1164 4142 (scil.
1177 4068 1350 4141 Archedemi)

156 4153 303 4222 θυγάτηρ,
320 4153 370 4220 ἐμὴ
388 4155 496 4223 μήτηρ,
516 4153 605 4204 αὐτοῦ
625 4156 691 4227 (soil.
712 4157 871 4231 Apollodori)
891 4156 1007 4224 ἀδελφή.

190 4247 221 4316 2)
240 4246 324 4318 pfl,
345 4245 359 4313 §
380 4247 423 4298 to.

193 4335 223 4403 3)
243 4332 402 4402 [Demosthe]
421 4331 478 4387 adv.
499 4336 584 4387 Boeot.
603 4333 635 4388 do
654 4333 714 4390 dote
733 4355 756 4410 p.
769 4339 855 4406 toto,
875 4339 890 4408 ᾖ
911 4340 936 4394 7.

191 4423 221 4493 4)
240 4420 272 4474 de
291 4424 356 4476 hlen.
376 4420 431 4477 her.
451 4423 465 4492 y
486 4426 502 4475 ³
519 4439 575 4496 sqq.
