2842 5018
657 288 699 349 29

75 467 1086 554 exduobusAtheniensibussinatusfnissct,
1109 481 1271 571 nonita

75 590 261 656 lortiter
295 596 588 675 pugnaturum
623 587 771 657 luisse.
819 591 925 671 llaec,
958 595 1089 681 opinor,
1121 599 1272 666 istenon

75 710 212 776 dixisset
243 709 307 775 nisi
338 709 472 776 Periclis
500 709 605 794 legem
638 710 856 796 perstringere
888 711 1041 781 voluisset
1068 727 1102 783 et
1125 717 1273 786 indicare

77 839 242 897 auctorem
274 829 373 896 huius
404 829 485 915 legis
517 832 718 916 prospexisse
750 831 898 917 quidem,
930 854 971 900 ne
1001 836 1088 902 cives
1119 840 1271 905 snitum

78 950 151 1016 aliis
179 949 304 1038 populis
328 950 544 1016 miscerentur
568 969 627 1015 nec
650 950 896 1018 Atheniensium
921 952 1062 1039 dignitas
1084 963 1182 1043 atque
1204 977 1272 1025 ma·

77 1071 176 1136 iustas
209 1071 426 1136 matrimoniis
457 1089 532 1135 enm
557 1070 738 1155 peregrinis
761 1071 982 1152 minneretur,
1006 1082 1149 1142 attamen
1172 1098 1270 1164 popu·

77 1190 196 1256 larium
232 1192 387 1257 virtutem
412 1189 483 1255 ideo
506 1209 625 1275 augere
648 1209 709 1255 non
734 1193 890 1276 potuisse.
938 1194 1026 1260 Duae
1048 1204 1158 1263 autem
1181 1217 1272 1263 eom·

77 1312 196 1380 missae
226 1321 302 1378 sunt
335 1330 462 1397 pugnae
490 1309 530 1375 ad
556 1293 757 1396 Tanagram,
776 1312 914 1398 quihus,
936 1314 1020 1399 quod
1045 1316 1085 1384 ad
1109 1326 1269 1397 aetatem,

78 1431 287 1498 Antisthenes
316 1430 502 1499 interfuisse
535 1439 657 1517 potest,
687 1430 788 1497 altera
819 1432 859 1498 ol.
890 1433 1023 1513 LXXX,
1056 1435 1139 1524 4¹),
1167 1437 1271 1505 altera

77 1552 118 1620 ol.
152 1551 357 1626 LXXXVlll,
383 1552 455 1638 5²).
504 1551 539 1618 Sl
572 1550 782 1618 Antisthenes
812 1551 859 1618 illi
890 1554 1057 1634 interfuit,
1081 1565 1177 1623 natus
1199 1577 1271 1625 esse

77 1671 171 1739 dehet
200 1671 256 1737 diu
286 1679 361 1738 ante
392 1671 525 1737 Periclis
555 1671 676 1756 legem,
709 1690 791 1757 qnae
814 1673 993 1740 secundum
1017 1675 1229 1744 Plutarchum
1242 1678 1270 1766 8)

77 1800 112 1858 et
132 1791 398 1878 Philochorumt)
423 1792 489 1857 lata
510 1799 561 1857 est
582 1790 623 1856 ol.
646 1791 819 1870 LXXXIV,
842 1802 874 1866 1;
894 1793 962 1871 scd,
982 1815 1057 1863 cnm
1078 1796 1158 1864 mihi
1178 1796 1269 1882 quid-

78 1930 176 1997 quam
207 1910 339 1975 concedi
373 1909 486 1985 nolim,
522 1928 639 1994 ponam
668 1912 737 1973 reri
768 1910 908 1976 similius
941 1913 1042 1978 rideri
1074 1934 1148 1979 eum
1177 1915 1272 1982 elteri

80 2028 278 2094 interfuisse.
328 2028 390 2093 Vix
418 2029 504 2093 euim
536 2028 624 2094 credi
651 2028 750 2114 possit
776 2029 925 2099 Socrates
948 2032 994 2098 ita
1017 2031 1056 2099 de
1079 2034 1272 2102 Antisthene

79 2149 206 2214 iocatus
236 2167 307 2214 esse
332 2155 397 2213 tam
419 2146 520 2214 multo
543 2155 712 2233 postquam
739 2149 783 2215 ita
806 2148 922 2217 lortem
946 2172 981 2218 se
1004 2155 1185 2239 praestitit,
1211 2175 1271 2222 nee

78 2268 127 2334 sic
158 2269 263 2353 potnit
291 2267 379 2353 loqui
400 2268 474 2333 nisi
506 2267 640 2334 Periclis
668 2269 855 2336 institutum
879 2272 909 2336 ei
932 2291 1063 2338 cansam
1087 2273 1185 2340 huius
1209 2276 1272 2342 ioci

77 2387 290 2476 praebuisset.
340 2388 423 2453 Tum
447 2395 537 2454 aetas
554 2407 684 2474 qnoque
704 2389 904 2457 Antisthenis
927 2394 1030 2478 magis
1049 2394 1177 2462 videtur
1196 2414 1271 2460 eon·

78 2509 189 2575 venire
218 2510 333 2575 seriori
365 2527 506 2594 pugnae,
538 2509 658 2595 qnippe
688 2511 745 2596 qui
776 2511 926 2596 Gorgiam
958 2513 1119 2581 audiverit
1142 2525 1175 2581 et
1197 2534 1273 2581 mox

79 2648 151 2695 sese
178 2648 313 2716 prorsus
334 2626 460 2694 Soermi
483 2627 654 2696 addixerit.
702 2628 770 2695 Non
793 2631 944 2716 equidem
968 2633 1076 2699 nescio
1100 2633 1273 2700 Philostra-

79 2757 150 2815 tum
181 2756 215 2814 et
247 2748 427 2834 posthunc
450 2746 584 2814 Suidam
605 2768 740 2815 narrare
762 2750 861 2817 etiam
884 2751 1041 2818 Periclem
1064 2753 1201 2840 Gorgiae
1223 2753 1273 2819 di-

78 2868 238 2955 seipulum
262 2868 362 2935 luisse
374 2868 423 2956 ⁵),
446 2867 532 2954 qnod
556 2888 631 2934 veru
654 2889 717 2955 quo
739 2872 832 2936 modo
855 2872 899 2936 sit
923 2870 1168 2956 intelligendum
1193 2892 1271 2940 enm

79 2988 223 3055 nondum
255 2995 398 3066 constet,
431 2988 471 3055 de
501 2988 694 3055 Antisthene
725 3009 766 3055 ne
791 2989 993 3068 dubitemus,
1016 2992 1095 3076 quin
1117 2991 1271 3077 Gorgiam

80 3109 262 3190 audiverit,
286 3129 361 3174 eum
385 3108 427 3175 ol.
451 3108 656 3183 LXXXVlIl,
681 3113 701 3174 t
726 3109 851 3194 legatus
875 3109 1105 3176 leontinorum
1128 3110 1273 3178 Athenas

80 3232 232 3298 venisset.
288 3229 376 3310 Quae
417 3248 492 3294 cum
522 3237 611 3295 recte
643 3231 709 3295 sint
741 3228 904 3316 disputata
933 3229 1135 3298 Antisthenis
1166 3250 1273 3300 annus

81 3351 199 3419 natalis
221 3349 288 3416 iere
311 3350 356 3414 ita
379 3349 517 3414 inveniri
538 3356 662 3434 polest,
685 3358 721 3415 nt
740 3349 790 3416 vel
809 3349 970 3416 lenissima
988 3349 1112 3417 fraudis
1128 3354 1273 3440 suspicio

80 3472 122 3539 ah
143 3490 182 3538 ea
206 3469 391 3539 delinitione
414 3468 511 3544 absit;
543 3488 618 3535 cum
641 3471 728 3535 enim
752 3469 792 3535 ol.
816 3469 1020 3551 hXXXVlIl,
1043 3477 1062 3538 3
1083 3472 1211 3538 fortiter
1229 3471 1271 3540 ad

80 3594 262 3678 Tanagram
290 3607 450 3676 pugnasse
472 3589 602 3656 dicatur
623 3597 655 3655 et
678 3596 756 3655 trine
776 3590 930 3676 temporis
952 3591 1126 3657 minimum
1149 3590 1272 3658 duode-

79 3713 270 3781 vicesimum
294 3729 415 3776 annum
440 3711 555 3777 aetatis
575 3729 669 3795 agere
689 3708 851 3787 debuerit,
872 3717 968 3777 natus
987 3731 1057 3778 esse
1077 3713 1181 3798 potuit
1200 3712 1270 3796 ipso

119 4007 149 4075 1)
170 4004 242 4059 onoc.
262 4007 315 4071 xi,
338 4007 382 4056 en.

118 4096 150 4166 a)
168 4095 249 4148 raus.
271 4095 325 4158 nr,
346 4093 390 4144 er.

118 4185 148 4253 3)
169 4181 238 4236 Plut.
259 4178 348 4235 Periel.
367 4198 389 4234 e.
410 4181 453 4232 37.
525 4206 526 4210 =

118 4274 148 4341 t)
167 4269 252 4326 Schol.
272 4269 305 4325 ad
326 4268 404 4322 Arist.
424 4271 497 4340 Vesp.
519 4285 552 4320 rs.
575 4270 635 4319 717.

117 4362 147 4430 5)
167 4359 231 4414 Vide
249 4358 355 4413 omnino
374 4361 400 4412 S.
419 4359 462 4411 W.
482 4359 593 4429 Tromp,
622 4353 653 4409 dc
681 4353 778 4409 Pericle
798 4354 904 4430 eiusque
922 4357 960 4412 rei
980 4357 1053 4430 publ.
1074 4357 1136 4414 Ath.
1157 4357 1269 4414 admini-

79 4448 220 4518 stratione,
240 4468 264 4522 p.
276 4450 310 4501 91
332 4466 368 4520 sq.
