2842 5018
733 273 774 334 46

162 458 213 523 ius
243 465 313 523 erat
339 456 382 520 in>
397 472 479 520 earn.
527 452 610 534 Quid
635 453 674 519 de
697 453 770 520 dote
795 453 864 520 fieri
889 455 1006 522 soleret
1029 457 1238 522 matrimonio
1262 457 1353 524 finito

161 584 271 664 postea
284 575 309 663 ¹)
335 573 533 651 ridebimus,
557 593 644 639 nunc
669 575 747 640 satis
771 575 814 640 sit
834 573 977 642 indicare
995 559 1065 642 eam
1086 595 1266 662 numquam
1286 596 1354 643 ma·

160 694 216 762 riti
250 695 339 773 fieri,
369 714 452 782 quae
482 693 594 760 eadem
618 713 716 760 causa
740 703 790 760 est
813 693 852 759 ob
876 714 971 780 quam
998 704 1128 782 propter
1151 696 1263 761 mariti
1287 693 1352 760 cul·

159 834 233 904 parn
266 834 443 901 numquam
475 822 579 901 potest
609 814 795 881 abalienari.
843 814 947 882 Huius
981 818 1028 883 rei
1060 816 1217 882 indicium
1241 814 1353 880 videas

160 937 193 1002 in
224 934 407 1022 Apollodori
438 935 583 1000 oratione
614 942 726 1001 contra
754 935 920 1021 Euergum
944 943 977 1001 et
998 935 1270 1022 Mnesibulum²);
1295 936 1351 1002 isti

158 1058 290 1122 irruunt
321 1056 353 1120 in
386 1053 522 1120 oratoris
552 1053 685 1120 domum
716 1061 749 1120 et
779 1075 856 1121 rasa
886 1055 1061 1142 diripiunt,
1096 1076 1159 1142 quo
1195 1055 1350 1121 muletam

158 1195 222 1261 qua
256 1175 309 1241 bic
345 1174 517 1241 damnatus
548 1182 619 1241 erat
649 1174 710 1240 sibi
741 1183 943 1261 quaererent.
1002 1175 1095 1242 lutus
1124 1184 1174 1242 est
1212 1175 1364 1256 oratoris,

158 1315 240 1361 uxor
269 1303 302 1361 et
332 1314 386 1360 eos
419 1302 553 1380 tangere
585 1299 671 1361 vetat
701 1315 738 1361 ea
770 1315 853 1381 quae
885 1294 945 1360 sibi
977 1296 1012 1360 in
1041 1294 1114 1360 dote
1151 1295 1225 1361 data
1261 1302 1347 1360 sunt.

159 1415 262 1481 »Vasa
293 1413 506 1500 relinquite,’'
537 1415 685 1500 inquit,”
715 1423 772 1480 »et
803 1413 884 1479 nihil
915 1434 1024 1481 meum
1049 1413 1207 1480 auferte.'’
1254 1415 1348 1481 Prae-

156 1545 245 1602 terea
269 1554 307 1600 ex
331 1535 459 1620 saepius
481 1533 611 1601 laudata
631 1536 774 1601 oratione
797 1532 868 1601 adv.
893 1533 1064 1601 Onetorem
1088 1554 1183 1620 quam
1204 1533 1349 1600 luculen-

155 1656 282 1722 tissime
312 1662 401 1741 patet
428 1672 531 1740 neque
561 1656 669 1721 ureris
697 1655 803 1721 dotem
840 1674 942 1741 neque
974 1653 1103 1740 praedia
1126 1653 1226 1719 buius
1249 1672 1349 1720 causa

155 1777 363 1863 oppignerata
388 1775 521 1841 alienari
546 1795 639 1862 posse
662 1785 793 1862 propter
817 1777 926 1842 meriti
951 1775 1098 1862 culpam,
1122 1795 1196 1842 nam
1218 1796 1256 1842 eo
1276 1778 1348 1862 ipso

156 1896 288 1963 consilio
321 1895 444 1983 Apbobi
476 1894 643 1982 praedium
675 1895 715 1961 ab
749 1895 886 1963 Onetore
906 1897 1152 1982 oppigneratum
1177 1895 1345 1962 dicebatur

155 2037 212 2103 pro
245 2016 364 2081 sororis
395 2014 470 2080 dote
499 2033 539 2081 ne
571 2015 802 2082 Demosthenes
831 2016 863 2080 id
894 2015 1026 2102 Aphobo
1052 2023 1160 2102 posset
1188 2015 1344 2084 adimere.

153 2137 326 2221 Propterea
346 2143 454 2201 autem
475 2135 704 2201 liemostbenes
724 2136 821 2201 istius
839 2135 966 2201 consilii
986 2155 1049 2201 non
1070 2136 1346 2202 insoiussummo-

153 2275 229 2342 pere
260 2253 409 2320 studebat
439 2253 658 2320 demonstrare
683 2274 786 2341 neque
809 2255 914 2321 dotem
940 2255 1092 2321 traditam
1117 2276 1188 2322 esse
1212 2256 1345 2343 bpbobo

152 2393 255 2460 neque
287 2373 582 2458 oppignerationem
617 2372 713 2439 ullam
737 2372 855 2440 iactam
880 2393 961 2441 esse.
1008 2374 1129 2441 Deinde
1153 2377 1263 2441 mariti
1287 2375 1344 2441 bo·

151 2494 203 2560 nis
226 2492 401 2580 publicatis
420 2510 500 2557 uxor
521 2493 605 2557 inter
625 2492 765 2578 reliquos
786 2494 963 2560 creditores
981 2496 1088 2581 prima
1106 2494 1195 2560 litem
1215 2497 1342 2562 aerario

150 2612 319 2680 intendere
352 2619 495 2697 poterat,
523 2612 552 2676 si
575 2611 784 2678 contenderet
808 2614 839 2677 in
864 2612 929 2677 illis
951 2612 1043 2678 bonis
1066 2614 1171 2680 inesse
1194 2635 1277 2702 quae
1301 2616 1344 2681 ad

150 2751 226 2799 suas
260 2751 312 2798 res
342 2733 564 2818 pertinerent,
597 2752 680 2818 quae
710 2733 794 2798 actio
825 2732 1024 2812 rememora
1046 2732 1272 2823 dicebatur2),
1297 2735 1338 2800 de

150 2873 213 2940 qua
235 2851 427 2919 conferenda
451 2860 529 2918 sunt
551 2868 634 2938 quae
655 2861 804 2918 auctores
822 2851 861 2918 de
880 2852 936 2919 lite
955 2854 1054 2919 attica
1073 2854 1305 2943 attulerunm).
1338 2874 1341 2876 ·

193 2974 284 3039 botis
316 2992 377 3038 usu
403 2973 544 3039 maritos
565 2971 750 3047 fruebatur;
774 2971 819 3037 illi
844 2973 963 3057 igitur,
988 2981 1026 3039 ut
1048 2973 1195 3052 ridetur,
1217 2973 1341 3042 tributa

148 3106 275 3181 quoque
298 3094 387 3169 eius,
411 3094 522 3179 siqua
543 3094 798 3178 imperarentur,
819 3091 970 3158 solvenda
990 3101 1092 3158 erant.
1140 3093 1340 3161 biliosum

146 3219 220 3299 post
249 3213 351 3298 patris
382 3221 519 3278 mortem
551 3211 658 3278 dotem
689 3212 804 3277 matris
834 3211 1016 3288 obtinebat,
1044 3214 1073 3277 si
1096 3220 1202 3279 mater
1223 3215 1339 3280 saltem

147 3332 182 3396 in
203 3330 348 3397 defuncti
371 3332 480 3397 mariti
502 3330 596 3396 domo
616 3321 812 3397 remanebat.
860 3330 896 3396 ln
917 3329 1017 3397 buius
1036 3331 1138 3418 igitur
1158 3332 1339 3400 dominium

147 3451 262 3517 matris
295 3449 353 3516 dos
384 3449 517 3516 cedebat
539 3459 635 3534 atque
658 3449 734 3516 buic
759 3470 787 3516 e.
811 3470 843 3535 g.
868 3451 902 3514 in
926 3449 1065 3516 antidosi
1084 3470 1122 3517 ea
1142 3453 1337 3539 praestanda

147 3576 196 3636 cst
227 3588 330 3655 neque
361 3567 438 3635 licet
459 3588 530 3635 eam
555 3569 587 3635 in
612 3589 685 3636 aere
708 3569 811 3637 alieno
834 3589 1002 3637 recensere
1013 3565 1054 3657 ⁵).
1103 3570 1238 3660 Reliqua
1261 3589 1337 3641 uero

148 3717 366 3734 *aa

182 3801 213 3869 1)
232 3797 279 3853 lib.
299 3803 325 3866 r,
347 3802 401 3866 nr,
421 3802 439 3850 2
459 3803 494 3865 ι,
515 3803 585 3872 pse
605 3819 659 3875 sqq.

180 3889 214 3957 2)
232 3887 391 3958 [Demostln]
411 3907 436 3960 p.
446 3888 533 3956 1156,
554 3890 568 3958 §
589 3892 632 3942 5⁷.

182 3977 212 4042 3)
230 3978 320 4048 Etym·
338 3980 369 4030 Μ.
389 3995 411 4028 v.
427 3974 525 4041 ἐγγύης
549 3975 725 4041 κατὰβολήνι
742 3977 804 4040 ἐξῆν
824 3974 856 4026 Ol
874 3981 910 4041 τῇ
926 3980 1038 4042 γυναικὶ
1055 3981 1167 4050 πρώτην
1185 3987 1238 4050 τὴν
1257 3985 1332 4046 ὄφει-

145 4060 262 4128 λομίνην
279 4070 381 4130 προῖκα
399 4067 504 4130 ζητεῖν.
543 4065 659 4119 Verbum
679 4067 777 4129 ζητεῖν
796 4064 843 4119 buc
865 4067 1055 4140 significatione
1073 4069 1136 4126 licet
1155 4073 1282 4146 pessimae
1299 4076 1336 4130 cit

143 4151 305 4223 graecitatis,
322 4171 372 4206 non
387 4163 476 4206 tamen
491 4151 603 4206 dubium
624 4163 663 4206 est
682 4153 746 4226 qnid
766 4153 960 4228 lexicograpbue
979 4158 1029 4210 eibi
1049 4160 1169 4216 voluerit.

182 4244 211 4309 l)
240 4239 356 4307 Plutum,
387 4241 432 4294 der
461 4260 527 4315 proc.
558 4246 599 4311 ΙΙ,
619 4245 726 4316 ppetuu
745 4252 771 4296 et
793 4247 864 4312 aot,
885 4245 961 4300 ldcier
983 4257 1008 4299 et
1027 4247 1159 4315 sobnam,
1180 4250 1205 4303 d.
1226 4261 1274 4305 att.
1296 4270 1334 4326 pr.

143 4349 166 4402 p.
179 4332 248 4396 lid,
269 4330 360 4397 blrier,
382 4331 414 4384 de
434 4331 507 4385 bonis
526 4329 614 4384 damn.
635 4351 660 4403 p.
670 4333 733 4384 222.
1054 4382 1057 4388 .

179 4423 210 4489 5)
229 4419 389 4490 [nemesim]
409 4419 466 4474 adv.
487 4417 582 4473 Plraen.
602 4439 625 4492 p.
638 4421 726 4487 1047,
747 4421 761 4488 p
779 4423 830 4487 273
851 4420 883 4475 cl.
905 4423 1017 4490 Bocckb,
1037 4435 1068 4478 st.
1084 4425 1109 4479 d.
1123 4426 1182 4481 bib.
1196 4431 1220 4493 l,
1232 4448 1255 4501 p.
1269 4433 1332 4484 666.
