2842 5018
685 258 746 318 143

117 440 268 507 iunotum
300 445 408 506 tamen
443 438 577 524 sepetire
607 437 695 504 iubet
726 458 764 504 ae
796 447 904 506 cetera
934 442 1110 527 parentalia
1142 446 1249 525 obire,
1275 456 1311 515 ut

118 562 218 628 moris
242 567 308 634 est;
332 567 447 646 »atque
471 559 598 636 reete‚”
629 566 736 624 orator
762 561 884 644 pergit,
910 560 1049 627 »viventi
1073 564 1102 628 ei
1125 564 1223 652 eripit
1245 564 1311 633 iru-

113 687 208 746 etum
228 679 405 745 liberorum
425 678 672 764 procreationis,
693 677 964 763 quemadmodum
990 682 1052 768 ipsi
1071 701 1171 769 puero
1183 683 1311 752 dicendi

114 799 314 866 libertatem:
345 795 534 864 defunctum
567 803 690 875 tamen,
725 817 798 863 eum
832 800 860 866 is
883 798 1014 887 quidem
1037 803 1094 888 qui
1118 801 1309 870 benefitium

114 920 233 1006 aooipit
264 938 327 984 non
360 921 425 984 iam
456 917 555 983 sentit
586 916 791 1005 commodum
825 937 889 1005 quo
911 917 1071 998 afficitur,
1094 921 1158 1008 tegi
1180 941 1256 989 vero
1279 931 1311 989 et

114 1036 242 1104 numini
273 1017 374 1104 bonos
402 1035 554 1113 babetur,
586 1035 721 1121 sepelire
743 1035 833 1103 iubet
856 1046 888 1104 et
911 1046 1020 1104 cetera
1043 1038 1082 1105 do
1106 1058 1195 1107 more
1218 1043 1310 1128 prae·

114 1158 235 1223 stare.''
281 1157 367 1224 Haeo
397 1158 478 1222 satis
499 1154 674 1222 ostendunt
698 1155 758 1221 boo
781 1174 908 1242 quoque
932 1155 1074 1224 officium
1098 1158 1222 1245 legibus
1245 1161 1310 1227 cir-

112 1278 349 1364 cumscriptum
380 1274 478 1343 foisse
511 1283 545 1342 et
575 1274 765 1362 Socrates1)
797 1273 900 1340 fitium
932 1275 1151 1363 Lamproelem
1181 1296 1310 1365 quoque

112 1396 204 1462 donet
229 1397 262 1461 in
285 1395 476 1462 archontum
501 1395 688 1482 probatione
709 1395 831 1482 inquiri
851 1395 953 1462 solere
973 1414 1051 1461 num
1070 1395 1231 1482 designati
1254 1416 1308 1486 pa·

113 1514 260 1580 rentibus
278 1513 440 1581 deiunotis
459 1513 638 1600 parentalia
657 1515 892 1600 praestiterint.
940 1514 1109 1603 Lyeurgus
1122 1516 1148 1606 ²)
1161 1516 1307 1584 Leocrati

112 1631 145 1699 id
177 1633 317 1700 officium
349 1635 537 1720 turpissime
569 1633 752 1720 neglectum
779 1632 910 1711 obiicit,
934 1644 1030 1720 atque
1051 1635 1136 1701 alios
1158 1644 1268 1704 orator
1279 1637 1306 1726 1)

111 1772 307 1820 enumerans
337 1760 416 1839 quot
442 1753 734 1839 exspectationibus
758 1760 907 1839 parentes
928 1751 1108 1820 exciderint
1130 1754 1305 1823 liberorum

113 1872 248 1935 interitu
278 1870 368 1935 addit
390 1891 444 1936 eos
468 1872 565 1938 etiam
587 1871 710 1938 [rostra
733 1890 878 1958 sperasse
899 1891 934 1938 se
957 1880 1028 1957 post
1051 1881 1264 1940 sustentatam
1287 1895 1306 1942 a

113 1987 226 2054 liberis
248 1989 315 2052 suis
339 1998 538 2054 senectutem
560 1989 600 2054 ab
624 1989 737 2055 iisdem
764 1998 908 2057 mortuos
930 1989 1092 2075 sepultum
1117 1993 1168 2057 iri.

158 2105 230 2192 Ipso
254 2105 307 2171 illo
330 2106 503 2193 sepeliendi
528 2114 560 2174 et
584 2106 774 2194 parentandi
798 2105 901 2174 officio
924 2110 1054 2194 saepius
1073 2107 1212 2196 adoptati
1234 2112 1306 2178 fon·

111 2227 156 2292 oti
180 2225 344 2291 dicuntur.
391 2224 584 2313 Cleonymus
608 2232 756 2291 metuens
780 2234 817 2291 ut
838 2225 899 2291 sibi
919 2225 1070 2293 deionoto
1089 2227 1130 2294 ab
1150 2229 1304 2296 inimicis·

111 2347 196 2411 simo
228 2345 297 2411 viro
327 2344 436 2422 Dinia,
467 2352 575 2411 tutore
602 2364 714 2411 eorum
745 2364 826 2431 quos
849 2345 984 2412 heredes
1006 2347 1180 2415 relicturus
1202 2359 1304 2429 esset,

110 2467 156 2531 τὰ
176 2463 361 2545 νομιζόμενα
384 2464 512 2542 tierent,
537 2472 730 2531 testamento
754 2465 812 2530 hos
835 2464 1041 2532 exheredavit
1061 2467 1202 2553 aliosque
1222 2472 1303 2534 sori·

110 2587 174 2673 psit
208 2584 342 2650 heredes
361 2584 402 2672 ⁴).
449 2585 621 2670 Propterea
664 2605 778 2650 omnes
811 2586 868 2671 qni
900 2582 1011 2651 liberis
1047 2585 1116 2651 orbi
1152 2589 1303 2653 morituri

111 2713 188 2772 sunt
218 2705 486 2789 circumspiciunt
518 2704 676 2790 quomodo
705 2704 765 2770 sibi
797 2705 839 2770 sit
867 2707 881 2770 ὁ
906 2707 1034 2784 temtabo
1057 2707 1109 2771 sai
1134 2706 1243 2772 adora
1260 2708 1302 2774 nd

113 2823 296 2907 νομιζόμεναι
319 2825 423 2897 αὐτοῖς
447 2826 577 2899 ποιήσων
589 2826 630 2910 ⁵).

156 2946 205 3011 dt
238 2952 517 3031 paternorum
555 2942 756 3010 bonorum
789 2954 827 3012 et
861 2946 1000 3010 iurum
1032 2964 1110 3010 oon
1138 2952 1300 3012 tautum

112 3065 233 3130 heres
262 3061 515 3138 eratfilius,
540 3062 757 3129 sedetiam
783 3062 1002 3142 infamiae,
1028 3063 1302 3132 utiuoaelarius
1407 3051 1416 3062 ⁸

111 3183 287 3251 multorum
308 3183 502 3248 testimoniis
519 3190 606 3268 patet
618 3183 656 3271 1).
705 3184 739 3248 lo
761 3184 905 3250 oratione
924 3182 1079 3250 adversus
1098 3184 1249 3250 Boeotum
1263 3184 1302 3253 de

112 3304 241 3370 nomino
253 3303 282 3390 ⁷)
310 3311 418 3368 orator
440 3311 572 3368 enarrat
596 3302 757 3369 molestias
782 3321 864 3389 quae
888 3304 949 3370 sibi
973 3303 1047 3370 iude
1070 3306 1214 3371 oriturae
1236 3306 1302 3372 sint

110 3423 196 3511 qood
226 3423 362 3490 Boeotus
389 3442 424 3488 se
446 3422 658 3489 Mantitbeum
684 3423 786 3500 dieat;
811 3427 858 3490 »si
882 3425 1155 3501 condemnatus,''
1178 3425 1302 3509 inquit,

112 3545 194 3610 »iste
224 3541 379 3607 muletam
411 3544 538 3608 aerario
566 3539 715 3610 debuerit
745 3551 778 3610 et
807 3551 951 3630 tempore
982 3542 1158 3628 interlapso
1180 3542 1302 3610 mulcta

110 3663 241 3729 omnino
263 3660 365 3728 soluta
390 3679 453 3726 non
475 3660 591 3739 tuerit,
615 3664 671 3748 qui
694 3665 799 3748 magis
821 3664 917 3729 istius
935 3661 1027 3729 liberi
1048 3680 1146 3750 quam
1166 3663 1230 3730 mei
1250 3661 1302 3730 de·

147 3870 177 3936 1)
194 3869 258 3920 xeo.
279 3869 304 3919 C.
324 3868 348 3918 S.
371 3867 408 3929 ΙΙ,
426 3868 457 3930 2,
479 3868 528 3931 133
547 3864 579 3919 cf.
602 3868 671 3918 [iem.
691 3884 713 3918 e.
733 3867 843 3920 Timoer.
863 3871 965 3939 psas,
987 3868 1001 3936 §
1023 3871 1084 3922 107.

147 3959 178 4023 2)
198 3973 221 4007 c,
241 3958 323 4007 Leocr.
344 3956 447 4024 p.167‚
469 3954 483 4020 b
502 3957 566 4019 136,
589 3956 692 4025 ρ.169,
713 3956 810 4024 §142

146 4046 176 4113 3)
195 4047 252 4116 Lys.
275 4061 296 4094 o.
318 4046 391 4113 Agor.
412 4059 438 4112 p.
449 4043 518 4109 133,
540 4043 554 4110 b
575 4046 619 4095 45.
641 4048 644 4055 '

146 4135 176 4200 4)
197 4135 229 4184 Is.
249 4129 281 4182 de
300 4128 385 4182 Cleon.
405 4128 458 4182 her.
480 4132 494 4198 d
515 4134 558 4184 10.

145 4225 176 4290 5)
196 4220 228 4272 du
247 4216 330 4291 Apoll.
351 4217 406 4283 ber,
426 4237 450 4290 p.
461 4221 511 4285 66,
533 4222 547 4288 d
569 4225 619 4288 3⁰3
638 4219 670 4274 ef.
692 4220 724 4275 de
745 4223 852 4294 Astyph.
872 4221 924 4276 her.
943 4241 967 4295 p.
980 4225 1027 4291 ⁷8,
1048 4225 1063 4292 b
1083 4226 1126 4277 32.

147 4311 177 4378 6)
198 4311 269 4362 Dem.
290 4325 311 4362 c.
333 4306 440 4361 Androt.
462 4311 564 4380 psus,
583 4310 597 4378 §
618 4313 661 4362 34.

148 4401 178 4468 7)
198 4395 329 4455 Demosth,
349 4416 372 4469 p.
384 4397 454 4466 998,
475 4397 489 4464 §
511 4401 553 4452 15.
