2842 5018
690 258 733 320 80

117 442 237 508 iilias
272 437 515 525 relinquat,
551 440 615 504 ita
650 439 879 508 valituram
916 461 1001 508 esse
1036 441 1304 511 voluntatem

115 561 267 650 patris,
291 566 351 638 ut,
371 558 443 646 qui
466 556 754 626 hereditatem
774 562 865 628 eius
889 562 1035 641 adeat,
1057 563 1092 628 is
1113 582 1194 629 una
1215 584 1304 650 quo·

115 702 192 769 quc
223 680 363 747 filiam
394 678 435 744 in
466 679 785 746 matrimonium
815 680 984 749 ducat.''
1030 681 1113 748 Hinc
1144 681 1199 749 iiie
1226 685 1303 771 qui,

114 822 189 870 cum
214 800 327 867 testari
351 799 472 886 potuit,
499 799 671 865 intestatus
694 808 843 867 mortuus
866 809 933 879 est,
957 800 1056 876 dacor
1080 802 1167 869 diem
1193 823 1304 891 supre-

114 941 204 989 mum
236 920 352 986 obiisse
383 917 524 994 dicitur,
553 920 575 985 i.
601 938 630 986 e.
668 919 755 1005 prole
787 920 875 987 nulla
898 922 1013 988 relicta
1037 941 1141 1009 neque
1164 924 1304 1008 genuina

113 1061 217 1129 neque
247 1038 398 1127 adoptiva
428 1057 531 1125 nequo
561 1039 673 1134 spuria
685 1039 722 1128 ¹).
768 1040 865 1107 Nobis
898 1062 973 1109 vero
1001 1063 1088 1109 nunc
1113 1050 1243 1110 tantum
1266 1042 1303 1112 de

113 1161 283 1248 adoptione
312 1156 483 1225 dicendum
516 1166 566 1224 est
589 1176 671 1244 quae
694 1157 731 1225 nr
754 1160 840 1226 inter
863 1163 972 1240 vivos,
996 1183 1071 1229 nam
1095 1162 1227 1250 adoptio
1249 1183 1303 1250 per

113 1287 343 1348 testamentum
371 1287 404 1344 et
426 1297 464 1344 ea
488 1296 570 1365 quae
592 1278 626 1343 iu
648 1279 719 1346 iure
739 1279 825 1365 apud
848 1280 1035 1348 archontem
1061 1281 1096 1348 iit
1120 1282 1200 1349 alias
1225 1284 1302 1350 iuris

113 1400 216 1468 civilis
249 1407 357 1485 partes
387 1404 550 1483 spectant;
581 1396 636 1465 sed
667 1396 893 1467 difficillimum
926 1410 976 1468 est
1006 1400 1084 1470 haec
1118 1402 1229 1469 omnia
1259 1403 1302 1471 ita

112 1521 312 1606 distinguere
343 1525 381 1583 ut
405 1536 582 1603 numquam
607 1519 689 1585 iuris
712 1517 909 1587 familiarum
935 1519 1015 1588 fines
1040 1521 1300 1608 transgrediaris.

156 1641 229 1729 ipsa
261 1645 376 1704 natura
407 1637 529 1704 iactum
554 1645 628 1713 est,
653 1646 690 1704 ut
712 1638 741 1704 is
764 1640 817 1704 cui
841 1638 934 1706 liberi
959 1642 1027 1707 nati
1051 1660 1114 1707 nou
1139 1642 1206 1707 sint
1228 1642 1302 1710 aiic-

113 1780 171 1828 nos
193 1757 255 1826 sibi
279 1757 458 1825 adsciscere
481 1758 607 1845 cupiat,
632 1777 673 1824 ne
696 1777 813 1824 nomeu
835 1778 931 1826 suum
956 1769 1052 1847 atque
1070 1759 1195 1827 iamiiia
1216 1782 1301 1849 pror·

112 1901 169 1949 sus
188 1881 336 1947 intereat.
384 1876 594 1945 Athenienses
618 1877 667 1944 vel
687 1875 814 1966 publice
834 1877 910 1945 huic
931 1881 979 1946 rei
998 1881 1301 1970 consulebant;lege

111 2002 197 2069 enim
229 1999 377 2066 archonti
407 1997 560 2065 mandata
591 2006 661 2065 erat
689 1997 887 2066 familiarum
912 2020 990 2067 cura
1014 2021 1054 2068 nc
1077 2003 1251 2069 interirent
1262 2001 1301 2090 ²).

112 2121 177 2212 Vix¹
198 2140 278 2208 opus
301 2128 351 2187 est
373 2118 594 2184 demonstrare
618 2119 683 2184 iam
707 2119 889 2205 antiquitus
912 2122 1074 2188 exstitisse
1098 2121 1302 2208 adoptionem

110 2242 204 2328 eique
234 2242 307 2307 iura
339 2238 496 2325 quaedam
527 2238 651 2304 tributa
680 2237 799 2311 iuisse,
838 2239 923 2326 quod
954 2260 992 2308 ex
1023 2241 1148 2327 legibus
1172 2251 1304 2330 apparet

110 2381 191 2448 quas
223 2359 320 2428 Solon
353 2358 414 2426 heo
444 2358 483 2424 de
513 2377 547 2424 re
579 2359 703 2436 sanxit,
734 2358 823 2426 velut
856 2379 895 2426 ex
927 2380 964 2427 ea
987 2381 1052 2446 qua
1075 2371 1210 2429 cautum
1234 2370 1304 2430 erat

111 2479 260 2548 omnihus
297 2481 353 2568 qui
389 2477 532 2566 adoptati
566 2497 629 2543 non
660 2487 787 2552 essent,
827 2498 902 2545 oum
937 2478 1032 2546 Solon
1071 2482 1302 2567 magistratum

110 2603 225 2680 iniret,
248 2600 347 2667 licere
368 2618 427 2665 suo
449 2597 609 2665 arbitratu
628 2616 686 2663 sua
706 2597 829 2683 legare,
850 2599 913 2664 nisi
933 2597 1089 2665 haberent
1107 2600 1226 2667 liberos
1246 2620 1302 2687 ge-

111 2721 227 2788 nuinos
256 2738 374 2786 mares.
420 2719 457 2784 In
489 2737 558 2785 rem
587 2725 653 2784 tam
677 2719 843 2804 antiquam
868 2717 1007 2784 ulterius
1031 2719 1195 2805 inquirere
1218 2739 1303 2806 opus

58 2869 60 2873 ·
111 2840 197 2907 haud
230 2841 275 2907 ita
310 2838 389 2906 utile
416 2836 562 2917 videtur,
595 2857 696 2924 quare
727 2839 834 2926 potius
865 2838 934 2924 ipsa
968 2840 1049 2906 iuris
1080 2839 1231 2906 instituta
1262 2839 1302 2907 de

110 2960 279 3048 adoptione
309 2959 549 3027 consideremus
581 2966 613 3024 et
643 2956 756 3057 ordine
789 2956 838 3024 ad>
858 2956 916 3023 has
940 2959 1144 3044 quaestiones
1168 2979 1301 3046 respon·

109 3080 262 3158 deamus,
298 3080 429 3146 cuinam
459 3079 558 3146 inerit
588 3079 639 3144 ius
665 3076 851 3164 adoptandi,
876 3078 950 3164 quis
972 3077 1118 3166 adoptari
1143 3080 1301 3166 potuerit,

110 3220 192 3287 quae
216 3198 340 3284 reliqua
363 3198 511 3264 instituta
536 3197 576 3264 de
598 3196 767 3284 adoptione
791 3196 963 3264 valuerint.
1055 3289 1057 3293 Ι

234 3442 272 3506 Α.
299 3437 534 3518 Quaeritur
557 3437 725 3503 cuinam
750 3437 807 3502 sit
832 3437 899 3502 ius
923 3435 1166 3523 adoptandi.

155 3680 347 3746 Primariam
366 3678 468 3764 legem
489 3678 528 3744 de
549 3676 717 3765 adoptione
737 3675 778 3742 ab
797 3684 924 3744 oratore
944 3677 1167 3745 Demosthenis
1184 3698 1300 3766 aequa·

108 3801 132 3867 li
144 3800 169 3890 ³)
191 3799 362 3865 discimus:
385 3799 432 3863 »si
452 3799 526 3884 quis
544 3795 642 3863 orbus
660 3804 692 3863 et
712 3815 845 3862 suorum
862 3796 1019 3863 honorum
1032 3796 1183 3865 dominus
1195 3797 1299 3865 tilium

109 3920 289 4008 adoptarit,
325 3928 431 3986 ratum
468 3916 500 3982 id
532 3918 635 3982 esto.’'
689 3916 862 3983 Vocabulis
893 3936 1063 3984 suorum
1095 3918 1300 3986 honorum

114 4075 322 4094 κ

146 4165 177 4234 1)
203 4166 235 4216 is.
261 4159 293 4215 de
318 4159 383 4214 Phil.
404 4158 565 4230 her.p.61‚
585 4157 600 4226 §
620 4159 669 4211 54:
690 4155 768 4207 οὐδ’
787 4155 1302 4226 οὒπαραγενόμενοςδιαῤῥήδῃμρ.

110 4250 286 4321 μαρτύρηκας
304 4247 338 4305 ὡς
355 4246 386 4298 or)
405 4245 523 4297 διέθετο
541 4243 738 4315 walcaudum,
755 4245 816 4296 ἀλλ’
830 4245 914 4306 ἄπαις
930 4245 1117 4312 ἐτελεύτησεν.

147 4336 177 4405 2)
197 4338 229 4388 Is.
249 4333 282 4387 de
301 4331 386 4404 apoll.
406 4329 459 4385 her.
479 4349 504 4403 p.
514 4333 563 4397 66,
584 4332 598 4398 §
619 4332 663 4383 30.

146 4429 176 4497 3)
196 4419 354 4494 [Demosth]
373 4420 430 4475 adr.
450 4420 539 4474 Leoch.
559 4438 583 4492 p.
594 4419 682 4486 1095,
701 4420 715 4488 ᾗ
737 4421 779 4475 dt).
