2842 5018
580 247 700 351 ‘or

71 469 172 538 dorus
204 474 312 551 enim,
346 474 402 558 qui
432 486 574 539 sororem
600 474 633 537 in
657 491 732 538 suas
755 491 830 557 opes
854 470 954 537 elooat
977 468 1181 548 Laeratidae,
1209 468 1268 535 hae

73 610 111 656 re
139 592 209 676 ipsa
232 590 362 676 adoptat
386 590 489 657 titium
513 593 718 658 naseiturum
740 610 779 658 ex
802 590 901 656 huius
923 609 999 683 euna
1023 608 1131 656 sorore
1155 590 1270 655 matri·

72 711 193 777 monio.
243 711 413 777 Praeterea
444 731 525 798 quae
549 710 589 777 de
613 711 739 796 Hagnia
762 708 998 794 disputavimus
1021 710 1101 774 satis
1126 707 1270 777 indioaut

72 830 106 893 in
131 827 216 894 fiiiae
239 828 408 916 adoptione
432 850 495 896 non
519 829 597 897 adeo
626 831 784 897 rationem
812 829 923 895 haberi
943 829 1045 914 ipsius
1067 826 1151 894 diiae
1169 847 1267 912 quatu

73 968 112 1014 ex
131 967 168 1014 ea
188 958 281 1015 natae
303 949 419 1035 prodis,
441 951 550 1036 itaque
570 948 779 1016 statuendum
800 946 928 1013 videtur
947 945 1173 1024 Athenienses,
1189 966 1266 1013 oum

72 1067 171 1133 titiam
195 1068 364 1155 adoptasse
387 1068 558 1146 dieantur,
582 1068 663 1135 nihii
690 1066 778 1134 aliud
801 1065 915 1133 iecisse
938 1084 1035 1153 quam
1059 1085 1098 1133 ex
1122 1066 1181 1133 hae
1208 1085 1266 1133 na·

71 1190 232 1255 sciturum
257 1188 360 1254 filium
384 1188 563 1275 adoptasse.

117 1309 220 1374 Erant
251 1317 359 1374 tamen
393 1309 479 1374 inter
506 1309 593 1374 cives
616 1308 732 1374 attioos
755 1307 840 1373 iusto
864 1306 1071 1372 matrimonio
1094 1313 1186 1370 natos
1210 1306 1265 1391 qui

71 1427 160 1495 nulio
191 1427 286 1494 modo
312 1427 457 1514 adoptari
482 1435 622 1514 possent.
669 1425 883 1513 Aeschinem)
913 1424 1013 1492 tradit
1036 1425 1139 1510 legem
1163 1425 1265 1511 impe-

71 1547 157 1626 dire,
195 1549 425 1635 quominus
457 1546 703 1615 reddendae
733 1546 898 1612 rationi
933 1544 1142 1611 obnoxius
1176 1544 1265 1610 ado·

70 1675 230 1754 ptetur.
269 1667 373 1756 Supra
393 1669 458 1736 iam
478 1667 620 1734 vidimus
633 1667 738 1733 eidem
750 1664 903 1752 adoptare
916 1684 979 1731 non
987 1664 1134 1744 licuisse,
1146 1665 1265 1752 quippo

71 1787 128 1872 qui
158 1806 291 1852 suarum
323 1806 420 1872 opum
454 1785 605 1853 dominus
636 1805 698 1850 non
731 1782 874 1871 esset2),
905 1803 982 1852 oum
1009 1783 1173 1870 legislator
1194 1785 1266 1851 eius

71 1905 156 1969 bona
187 1906 222 1968 in
252 1906 370 1988 pignus
402 1906 575 1989 arriperet,
607 1903 708 1968 donee
732 1902 857 1968 eivitati
880 1901 1038 1967 rationem
1062 1900 1265 1970 reddidisset.

74 2021 137 2087 Sed
157 2020 235 2107 quid
254 2019 316 2086 hoo
335 2019 375 2086 ad
396 2040 471 2087 eum
492 2023 548 2107 qui
574 2020 805 2108 adoptabatur?
854 2018 1055 2107 Respondeat
1081 2020 1265 2088 Demosthe·

73 2142 189 2226 nes³):
224 2139 417 2228 Polyeuotus
448 2139 579 2226 quidam
609 2141 795 2206 Leocratem
819 2139 1026 2226 adoptaverat
1050 2140 1143 2226 eique
1166 2140 1265 2207 titiam

72 2267 150 2327 natu
176 2261 334 2325 minorem
358 2260 587 2345 desponderat;
618 2261 690 2325 rixa
712 2260 874 2327 intereos
897 2269 966 2325 orta
990 2259 1184 2348 Polyeuotus
1207 2262 1265 2329 Le·

70 2381 173 2445 oerati
195 2377 293 2444 filiam
318 2378 433 2445 adimit
457 2399 593 2465 eamque
614 2378 754 2467 Spudiae
773 2389 910 2466 nuptum
932 2379 1045 2447 eiooat.
1094 2379 1264 2459 Leocrates

69 2498 279 2586 Polyeuotum
304 2497 524 2584 Spudiamque
548 2500 581 2564 in
606 2500 657 2565 ius
679 2508 787 2577 vocat,
807 2508 840 2568 et
861 2500 990 2566 tandem
1013 2502 1058 2566 ita
1078 2501 1264 2586 transigunt

71 2627 107 2685 ut
131 2618 312 2684 vdieoorates
343 2590 540 2704 re'oeptis
563 2619 621 2684 iis
645 2637 750 2704 quae
772 2603 819 2687 de
841 2638 914 2685 suo
937 2620 978 2684 in
1002 2639 1086 2685 rem
1109 2618 1263 2686 famili·

70 2756 181 2805 arem
214 2736 434 2804 attulerat
459 2742 569 2823 'neque
596 2737 771 2806 malevolus
805 2746 890 2806 esset
917 2738 1090 2827 Polyeuoto
1115 2747 1148 2807 et
1168 2760 1264 2808 omne

71 2860 156 2924 inter
186 2876 241 2923 eos
263 2855 438 2923 discidium
463 2866 546 2922 esset
570 2856 736 2926 abolitum.
784 2859 895 2943 ltaque
919 2857 1088 2944 adoptatus
1111 2880 1165 2926 res
1188 2879 1264 2926 suas

69 2979 103 3043 in
127 2977 265 3042 alienam
289 2975 420 3042 domum
443 2974 672 3050 transferebam
696 2978 725 3042 si
748 2985 857 3043 autem
881 2977 1041 3050 ὑπεύθυνος
1063 2979 1137 3062 quis
1160 2952 1208 3045 est
1229 2989 1262 3046 ot

68 3096 109 3165 ah
132 3097 233 3165 altero
257 3096 427 3182 adoptatus
452 3095 536 3162 iacto
553 3116 581 3162 e.
603 3117 633 3182 g.
656 3096 807 3183 peculatu
828 3096 1002 3164 damnatur
1022 3106 1119 3183 atque
1138 3098 1261 3167 interea

70 3219 226 3294 moritur,
256 3237 274 3282 a
307 3235 371 3303 quo
398 3216 571 3302 repetenda
595 3225 643 3282 est
669 3216 807 3294 mulota,
832 3237 908 3284 oum
931 3218 1033 3303 ipsius
1054 3217 1147 3283 bona.
1161 3221 1263 3305 patris

67 3336 250 3423 adoptantis
281 3335 373 3400 bonis
405 3334 513 3401 addita
535 3334 619 3402 sint?
667 3337 839 3422 Propterea
863 3344 970 3404 autem
994 3336 1065 3424 lege
1087 3338 1262 3407 cavebatur

67 3477 109 3523 ne
137 3456 250 3522 liceret
282 3456 443 3524 ὑπεύθυνον
472 3455 639 3542 adoptare,
664 3475 704 3522 ne
726 3456 849 3523 soilioet
872 3458 986 3524 ciuitas
1010 3456 1128 3525 damno
1151 3458 1259 3526 attice·

69 3586 171 3644 retur.

111 3696 251 3782 Neque
292 3694 455 3762 licebat
496 3714 543 3760 ex
580 3693 808 3762 infamium
843 3693 998 3760 liberis
1034 3695 1260 3783 adoptare;

64 3815 201 3883 Athenis
224 3822 333 3882 autem
357 3813 496 3880 infamia
513 3813 669 3898 quaedam
695 3813 889 3881 hereditaria
911 3820 981 3879 erat
989 3834 997 3888 ;
1024 3823 1061 3879 ut
1084 3815 1185 3900 igitur
1209 3819 1258 3883 vi-

61 3943 173 4002 tarent
193 3933 309 4001 liberos
330 3954 405 4000 suos
429 3931 561 4000 infamia
585 3933 708 4009 notari,
733 3934 755 3998 ii
777 3931 894 4019 quihus
913 3933 1071 4000 eiusmodi
1091 3934 1261 4005 damnatio

103 4253 134 4320 1)
153 4269 175 4304 o.
196 4213 261 4304 Cdes.
281 4270 304 4322 p.
315 4252 364 4313 56,
386 4248 399 4315 ᾗ
421 4248 464 4297 21.

102 4341 133 4406 2)
153 4358 178 4411 p.
190 4341 238 4413 87,
258 4358 283 4390 n.
305 4341 329 4390 d.

104 4430 134 4496 3)
154 4424 211 4480 adv.
230 4425 309 4498 Spud.
331 4445 353 4498 p.
370 4425 453 4488 1029,
474 4423 489 4490 ᾗ
511 4423 535 4473 d.
