2842 5018
678 271 720 331 79

154 457 284 525 Celebre
317 455 496 542 adoptionis
526 455 713 519 institutum
746 451 940 518 illustratori
970 454 1111 539 primum
1135 453 1299 522 rideamus

109 577 149 646 de
179 575 342 644 vocabulis
374 573 490 661 quibus
514 573 573 639 hae
599 575 632 638 in
656 593 691 639 re
715 581 848 639 veteres·
865 580 1011 641 utuntur.
1060 572 1122 654 Qui
1146 576 1212 642 sive
1235 579 1299 662 pri·

108 705 204 765 vatus
226 698 293 763 sive
317 696 527 780 magistratus
552 693 653 758 illium
677 692 716 758 ab
739 691 802 757 alio
825 691 970 779 adoptari
994 694 1072 759 sinit
1092 696 1233 760 εἰσποιεῖν
1254 694 1300 760 di·

111 819 198 885 uitur
211 819 255 903 1);
285 815 370 881 filius
392 817 461 902 ipse
481 814 637 892 ἐξεποιήθη
651 813 676 900 ²)
698 814 765 879 sive
787 813 942 890 ἐκποίητος
964 814 1086 892 ἐγένετο
1100 815 1125 902 3)
1150 815 1235 902 quod
1260 816 1301 882 ad

109 946 236 1024 patrem
268 935 448 1002 naturalem
481 936 614 1013 attinet,
652 933 752 1012 dordr,
778 931 918 1011 ποιητός,
942 935 1111 1010 εἰσποιητὸς
1137 936 1299 1016 γενέσθαι,

110 1058 265 1134 ποιηθῆναι
298 1058 365 1123 sive
397 1057 598 1131 εἰοποιιιθῆιοοι
630 1053 750 1150 dieitur
780 1052 962 1139 adoptantis
994 1056 1118 1122 ratione
1141 1054 1250 1123 habita
1262 1057 1300 1144 ⁴).

110 1177 172 1259 Qui
203 1176 333 1262 adoptat
364 1184 513 1251 ποιεῑποιι,
543 1175 738 1248 εἰσποιεῖποοι,
763 1172 923 1262 stadem)
948 1183 1005 1240 aut
1028 1178 1157 1242 εἰσποιεῖ
1167 1177 1215 1263 1),
1240 1177 1301 1244 hou

111 1305 218 1363 tameo
249 1295 416 1361 rarissimo
443 1314 523 1372 uso,
548 1292 633 1360 unde
657 1292 811 1378 adoptans
836 1294 903 1379 ipse
926 1313 1052 1380 qnoque
1074 1295 1196 1372 ποιητός
1220 1295 1301 1363 dioi-

110 1425 165 1483 tur
177 1416 216 1504 ⁷).
264 1415 399 1501 Adoptio
433 1416 502 1500 ipsa
533 1413 653 1487 ποίιιοις
677 1413 860 1499 voratur-⁸).
908 1413 1069 1480 Vocabula
1092 1416 1194 1494 θέτης,
1219 1419 1299 1483 alodo

110 1555 255 1623 quaeque
278 1535 354 1600 hino
377 1544 557 1600 naseuntur
580 1531 619 1598 de
640 1530 801 1598 industria
825 1534 955 1613 omitto,
979 1535 1098 1621 quippe
1126 1556 1207 1623 quae
1235 1538 1301 1603 sint

72 1647 74 1650 ’
109 1656 299 1723 recentioris
321 1655 446 1721 aetatis.

155 1775 259 1842 Verbo
290 1776 353 1840 iam
386 1775 497 1839 monui
529 1774 736 1860 adoptare
767 1782 799 1839 et
821 1780 1131 1840 testamentum
1155 1775 1300 1844 lacere

111 1894 292 1958 arctissime
315 1893 401 1958 inter
421 1912 489 1958 sese
511 1892 697 1969 cohaerere,
718 1889 802 1976 qood
823 1889 898 1957 inde
918 1900 1025 1956 ortum
1045 1899 1111 1969 est,
1131 1893 1216 1979 quod
1230 1895 1301 1962 iure

113 2011 213 2077 attico
235 2007 362 2074 heredis
384 2010 546 2076 institutio
568 2030 624 2095 per
648 2017 878 2077 testamentum
903 2017 934 2076 et
958 2008 1085 2095 adoptio
1107 2012 1301 2081 interrivos

112 2130 240 2217 proprie
272 2148 334 2194 noo
365 2127 536 2203 differuot3
564 2131 610 2195 sio
635 2129 719 2217 apud
742 2130 869 2195 Isaeum
882 2129 908 2217 ⁰)
934 2128 1089 2215 legimus:
1119 2133 1300 2218 »quibus

112 2250 220 2316 enim
245 2248 372 2316 filiae
396 2250 484 2313 sint
505 2247 700 2334 legitime
720 2251 967 2336 quaesitae,
987 2251 1145 2316 nemini
1166 2271 1299 2320 eorum

111 2389 184 2457 per
214 2369 330 2454 leges
360 2367 468 2435 lioet
499 2388 636 2455 oeque
661 2368 802 2434 filium
826 2370 1060 2436 instituere
1084 2391 1216 2458 neque
1240 2372 1299 2439 bo-

111 2509 259 2556 norum
286 2496 449 2576 partem
474 2487 608 2556 alieni
632 2488 776 2574 legare
800 2489 883 2554 nisi
908 2509 997 2555 eum
1022 2489 1243 2570 filiabus‚''
1268 2504 1300 2560 et

111 2609 218 2699 paullo
238 2607 320 2674 infra
334 2608 391 2696 ¹⁰):
419 2607 489 2674 »lex
511 2609 597 2674 eninr
623 2607 752 2674 disertis
776 2608 881 2674 verbis
905 2610 950 2674 ita
970 2611 1144 2697 praecipit,
1164 2613 1234 2699 qui
1256 2612 1271 2677 i
1277 2615 1301 2678 i·

109 2733 192 2797 lios
217 2728 357 2795 nullos
377 2726 623 2813 relinquat,
643 2729 681 2793 ei
701 2727 837 2794 lioere
858 2727 964 2795 bona
983 2749 1058 2796 sua
1080 2751 1151 2816 per
1175 2740 1299 2798 testa·

110 2856 295 2917 mentum
326 2849 569 2933 ouiounque
603 2847 901 2934 velitlegare3
932 2827 998 2914 sin
1028 2860 1166 2918 autern
1190 2853 1298 2921 idem

149 3025 179 3093 1)
199 3016 357 3090 [Demosth]
376 3015 434 3071 adv.
454 3019 556 3070 ldaeart.
577 3036 600 3089 p.
612 3019 699 3083 1054,
721 3017 736 3083 1
757 3019 804 3079 15,
828 3013 987 3084 [Domuum]
1007 3015 1299 3091 adv.Leoeh.p.1088‚

113 3113 128 3181 §
148 3114 201 3176 24,
221 3107 293 3162 Plato
312 3106 343 3160 de
362 3107 429 3178 legg.
452 3107 498 3171 ix,
521 3125 544 3177 p.
557 3101 661 3159 878Ἀ.

150 3202 181 3270 2)
201 3202 234 3252 ls.
253 3196 285 3250 de
304 3195 387 3268 Apoll.
407 3195 460 3248 her.
481 3213 504 3268 p.
517 3197 565 3273 86,
587 3195 601 3263 1
621 3198 664 3247 25.

149 3292 179 3359 a)
198 3285 261 3339 ibid.
282 3306 304 3360 p.
317 3289 365 3350 65,
385 3285 462 3352 113.

149 3378 180 3446 4)
199 3373 271 3428 Plato
289 3372 321 3426 de
339 3371 405 3442 legg.
425 3374 476 3436 Χ1,
495 3390 520 3443 p.
531 3372 585 3424 929
605 3373 636 3434 C,
656 3373 700 3424 lx.
718 3369 877 3441 [Demosth.]
897 3369 952 3425 adv.
973 3372 1064 3429 Leoeh.
1084 3393 1107 3447 p.
1119 3378 1206 3444 1099,
1225 3379 1300 3445 164,

111 3464 176 3519 ibid.
196 3465 315 3538 prosa,
336 3462 350 3529 1
373 3463 422 3525 aa,
443 3479 465 3530 p.
478 3462 562 3526 1100,
583 3459 597 3527 1
618 3462 666 3525 ea,
686 3478 712 3531 p.
722 3461 808 3525 roeo,
829 3461 843 3528 1
864 3462 907 3514 oa.

149 3557 179 3623 5)
199 3551 236 3606 1.1.
258 3553 272 3620 1
293 3553 336 3603 63.
375 3552 406 3601 ls.
425 3547 457 3602 de
477 3551 540 3600 lien.
561 3546 614 3602 her.
635 3549 649 3616 §
670 3550 721 3613 10,
740 3545 773 3600 de
792 3547 884 3621 Pyrrhi
904 3548 958 3602 her.
979 3569 1003 3621 p.
1014 3555 1063 3617 45,
1084 3552 1098 3619 1
1119 3554 1163 3606 73.

149 3644 180 3712 6)
200 3637 357 3712 [Demosth.]
376 3635 431 3690 adv.
451 3635 540 3689 Leooh.
557 3655 581 3709 p.
593 3638 678 3702 1088,
699 3637 713 3703 1
733 3637 785 3702 24,
805 3640 838 3689 Is.
856 3635 889 3690 de
908 3636 992 3708 Apoll.
1012 3636 1066 3692 lior.
1087 3659 1112 3711 p.
1122 3645 1171 3710 58,
1189 3643 1203 3710 §
1224 3646 1268 3698 22.

151 3733 180 3801 ’1)
200 3733 257 3802 Lys.
275 3746 298 3780 o.
319 3731 394 3799 rigor.
414 3745 438 3798 p.
448 3727 518 3791 188,
538 3725 553 3792 §
573 3725 625 3790 91,
645 3726 703 3796 Lyc.
723 3740 745 3776 c.
762 3727 848 3778 Leocr.
868 3729 973 3797 pina,
993 3727 1008 3794 1
1029 3729 1072 3779 40.

150 3823 180 3891 8)
200 3813 358 3888 [Demosth.]
377 3813 432 3869 adv.
453 3812 542 3867 Leoeh.
561 3815 684 3885 11095,
703 3813 717 3880 1
737 3815 780 3867 49.

149 3911 180 3978 9)
200 3911 233 3961 1ο.
253 3904 286 3959 de
304 3903 396 3978 Pyrrhi
416 3901 469 3957 her.
490 3922 513 3975 p.
527 3905 578 3968 42,
600 3902 614 3968 1
635 3904 678 3954 42.

130 4000 180 4068 10)
199 3994 263 4049 ibid.
284 4014 306 4067 p.
319 3996 367 4059 44,
387 3993 402 4061 1
421 3995 472 4058 68;
491 3988 534 4064 qui
553 3988 630 4062 plora
650 3987 741 4061 cupiat
760 3988 908 4044 testimonia
927 3990 1003 4046 adeat
1021 3994 1054 4044 ls.
1075 3990 1108 4046 de
1128 3993 1300 4068 Astyph.her.

109 4107 136 4160 p.
149 4089 199 4152 78,
219 4085 234 4152 §
255 4087 302 4136 34:
322 4080 418 4132 Keroe
434 4076 484 4141 μὲν
501 4078 553 4146 γάρ
573 4090 637 4142 φησι
651 4078 699 4126 τὸν
718 4078 778 4127 υἱὸν
795 4078 845 4128 τὸν
859 4077 947 4128 αὑτοῦ
961 4077 1120 4146 Ἀστιιφίλῳ
1135 4081 1302 4150 εἰσποιηθῆ-
1379 4084 1392 4104 ⁸

109 4191 158 4224 παι
183 4171 448 4224 salmoriensem
465 4167 637 4218 διαθέσθαι·
655 4167 706 4231 ἐγὼ
732 4167 760 4216 δ’
779 4166 811 4217 οὔ
825 4185 907 4236 φημι,
927 4178 955 4223 et
974 4168 1061 4242 paullo
1081 4179 1148 4243 pust:
1169 4170 1303 4230 ἀπέδειξα

111 4263 179 4326 ripis
197 4263 231 4321 ὡς
250 4260 467 4317 nuceriensem
484 4257 592 4308 didone
610 4256 646 4306 τὰ
661 4255 759 4312 αὑτοῦ.
796 4256 892 4311 Eodem
911 4257 988 4313 modo
1002 4258 1067 4314 ibid.
1086 4262 1101 4329 1
1119 4266 1135 4315 1
1152 4260 1302 4335 iunguntur

111 4354 162 4404 οὔτ
180 4351 321 4420 ἐποιήσατ’
341 4350 443 4408 desim
455 4347 516 4400 υἱὸν
533 4345 625 4414 αὐτῷ,
645 4344 702 4396 οὔτ’
724 4344 810 4397 ἔδωκε
828 4346 863 4396 τὰ
880 4347 986 4415 αὑτοῦ,
1007 4347 1070 4400 οὔτε
1081 4348 1222 4416 διαθήκας
1232 4368 1302 4401 κοιτ-

115 4435 220 4487 lituro.
