2842 5018
691 297 730 357 77

113 498 188 547 mox
208 485 386 567 sequantur
404 476 557 546 vocabulo
575 477 653 549 citor
671 485 705 545 et
723 475 821 556 ξένος,
841 487 974 546 censent
993 488 1169 570 utrumque
1186 501 1303 552 nomen

111 597 255 667 differre.
304 597 424 666 Eodem
451 597 545 665 modo
575 597 762 665 Aristoteles
775 597 801 687 ¹)
825 608 1055 668 commemorat
1078 602 1175 678 νόθους
1197 610 1231 670 et
1251 601 1303 681 ξό-

111 743 193 799 νονο,
222 717 279 786 sed
303 720 349 784 ite
373 737 498 806 quoque
524 726 559 786 ut
582 717 656 786 inde
681 717 761 784 nihil
784 719 866 786 certi
887 717 949 786 hoc
971 719 1011 787 de
1030 719 1218 790 discrimine
1240 731 1303 790 sta·

114 852 208 909 tuere
229 840 402 928 possimus.

156 960 367 1029 Grammatici
399 957 483 1026 idem
513 958 599 1046 quod
630 957 773 1025 diximus
798 959 973 1027 discrimen
998 961 1083 1028 inter
1104 963 1247 1042 γνησίους
1270 972 1304 1032 et

111 1079 209 1157 νόθονο
240 1079 429 1168 tmdont²);
460 1077 500 1146 do
531 1079 662 1145 nomine
689 1077 773 1156 ξένος
796 1098 836 1146 ne
858 1079 945 1167 apud
967 1100 1023 1147 eos
1045 1080 1176 1167 quidem
1201 1081 1302 1150 nilum

113 1201 280 1268 invenitur
300 1200 534 1267 testimonium.

158 1321 258 1388 dicier
276 1328 308 1388 et
329 1319 530 1387 Schoemunn
544 1317 570 1406 8)
592 1317 708 1385 docent
727 1317 825 1392 νόθονο
845 1319 962 1387 relatos
981 1322 1104 1387 esseio
1125 1319 1226 1400 demi,
1239 1343 1302 1390 non

113 1443 191 1509 item
224 1442 258 1507 in
281 1440 449 1528 phratriae
472 1438 607 1506 tabulas.
656 1438 724 1504 Hoc
747 1445 856 1505 autem
879 1437 1009 1526 probari
1032 1450 1135 1527 potest
1157 1462 1197 1509 ex
1217 1462 1302 1510 com·

114 1562 280 1650 paratione
300 1561 420 1628 civium
440 1559 735 1647 adscriptitiorum,
757 1578 831 1625 nem
853 1557 901 1638 hi,
920 1580 996 1627 cum
1016 1560 1302 1650 phratriisetgen·

111 1682 200 1749 tihus
230 1700 293 1748 non
324 1681 566 1768 reciperentur,
587 1687 697 1747 temen
721 1678 872 1746 trihohus
895 1688 927 1747 et
949 1681 1053 1748 demis
1076 1682 1301 1751 adscribeban-

112 1809 171 1869 tur
181 1802 223 1888 ⁴).

160 1921 270 1984 isaeus
298 1918 427 1984 videtur
448 1918 592 1984 indicare
615 1917 827 1984 Athenienses
847 1918 962 1985 nothos
985 1919 1147 2005 legitimos
1170 1921 1304 1990 reddero

113 2038 271 2126 potuisse;
294 2036 392 2103 reiect
415 2038 502 2102 enim
528 2037 760 2103 Euctemonem
773 2036 800 2125 ⁵)
822 2057 930 2104 senem
952 2038 1045 2107 Alces
1064 2040 1231 2108 cuiusdam
1252 2062 1303 2110 ro·

113 2164 194 2244 getu
211 2156 351 2223 alterum
371 2155 468 2222 huius
488 2155 666 2222 liberorum
687 2157 719 2222 in
734 2156 902 2242 phreteros
914 2178 988 2226 suos
1000 2158 1154 2228 inducere
1166 2161 1304 2229 voluisse

114 2296 211 2344 suum
235 2278 265 2343 ei
288 2296 404 2342 nomen
427 2274 615 2351 addentem;
639 2274 741 2342 filium
762 2275 1031 2346 Philoctemonem
1052 2299 1128 2347 vero
1147 2301 1211 2348 non
1230 2303 1304 2351 con·

114 2399 250 2465 cessisse
273 2416 376 2484 neqne
399 2394 567 2484 phrateres
590 2395 774 2470 admisissc;
796 2398 1026 2466 Euctemooem
1050 2400 1165 2469 deinde
1189 2404 1238 2469 ira
1257 2403 1304 2468 in·

114 2536 247 2585 censum
282 2523 316 2582 et
346 2514 404 2581 filii
435 2515 612 2581 ulciscendi
640 2513 792 2602 cupidine
823 2515 989 2585 ardentem
1021 2520 1212 2607 desponderi
1243 2519 1304 2588 sihi

112 2636 252 2703 voluisse
271 2635 470 2702 Democretis
490 2633 668 2720 Aphidneei
688 2654 848 2715 sororem,
871 2635 929 2704 hoc
950 2639 1126 2724 agitantem
1141 2649 1176 2707 ut
1187 2640 1305 2708 liberos

113 2776 153 2824 ex
175 2756 230 2823 iile
254 2753 389 2822 muliere
409 2762 591 2840 procreatos
610 2753 792 2840 perhiberet
811 2757 898 2823 etin
918 2756 1000 2824 hone
1017 2778 1078 2826 soe
1096 2760 1303 2839 immitteret,

114 2878 143 2943 si
165 2875 383 2943 Philoctemon
407 2873 521 2941 cedere
540 2873 654 2950 nollet3
677 2877 875 2943 necessarios
898 2878 1000 2963 igitur
1015 2878 1102 2947 ‘bene
1126 2899 1243 2965 gnaros
1263 2880 1305 2947 nh

113 3001 185 3086 ipso
214 2996 293 3063 illuc
319 2995 435 3063 notatis
458 3002 608 3082 provecto
630 2993 751 3082 prolem
776 3014 840 3060 non
863 3015 933 3062 esse
955 2997 1222 3083 exspectandam,
1247 2998 1304 3066 sed

114 3115 291 3186 verendum
315 3135 384 3184 esse
404 3134 445 3182 ne
463 3115 526 3181 elio
545 3114 695 3201 quopiam
717 3113 810 3181 modo
829 3114 922 3182 iiheri
941 3116 1124 3202 prodirent,
1144 3139 1183 3186 ex
1203 3137 1304 3207 saque

115 3258 152 3305 re
173 3236 241 3304 iore
264 3244 301 3304 ut
323 3236 426 3302 multo
448 3236 555 3303 maius
579 3236 749 3302 exsisteret
772 3232 960 3315 discidium,
982 3236 1213 3307 Philoctemoni
1232 3260 1303 3328 per·

90 3355 272 3436 suasisse,
301 3365 339 3423 ut
368 3357 489 3424 sineret
515 3376 534 3423 e
559 3363 651 3443 putre
674 3375 810 3443 puerum
835 3355 921 3424 hunc
944 3357 978 3425 in
1001 3357 1170 3446 phrntsrus
1193 3360 1303 3429 induci

152 3664 184 3733 1)
202 3659 277 3717 solit.
296 3663 352 3727 ru,
371 3662 401 3726 c,
423 3661 448 3711 r.

151 3753 182 3822 2)
201 3769 223 3805 e.
242 3769 267 3824 g.
286 3746 377 3802 Pollux
396 3749 450 3814 111,
469 3748 520 3800 21:
540 3747 648 3812 γνήσιος
670 3745 720 3806 μὲν
743 3745 758 3795 d
780 3745 810 3796 ἐν
825 3744 953 3811 γυναικός
968 3743 1052 3811 ἀυτῆς
1069 3749 1117 3796 καθ
1134 3751 1257 3812 γαμετῆς
1273 3746 1302 3816 (ό

114 3840 144 3892 δ’
172 3838 258 3897 αὐτὸς
282 3835 332 3887 να)
356 3833 522 3901 morium),
547 3833 632 3893 νόθος
655 3833 714 3884 d'd
735 3834 765 3885 ds
779 3833 887 3901 ξόνηςῆ
902 3831 1091 3894 παλλακίδος·
1109 3833 1156 3886 ὑπ’
1176 3835 1254 3886 ἐνόν
1269 3833 1302 3886 dd

115 3922 245 3975 scirtccu
260 3918 433 3988 μητρόξεθος.
470 3920 525 3972 Νον
543 3936 607 3992 opus
626 3926 666 3972 est
684 3917 799 3972 indicere
818 3935 848 3972 er
863 3936 916 3993 quo
929 3935 1045 3971 sermone
1063 3917 1153 3972 Pollux
1168 3915 1304 3986 iterim

112 4010 253 4078 attulerim
277 4006 443 4075 μητρόἔυος
460 4024 510 4060 νον
531 4005 678 4073 inuenitur,
697 4006 804 4080 opinor,
825 4015 925 4079 praeter
943 4003 1013 4079 opud
1030 4003 1227 4081 lexicographos.
1264 4004 1302 4062 Cf.

112 4101 195 4157 etium
223 4095 344 4152 Eustoth.
363 4094 396 4149 od
416 4093 448 4147 ll.
465 4096 500 4162 δ,
519 4097 587 4162 409)
607 4093 691 4150 molto
711 4104 842 4169 praetereo
862 4093 1011 4151 huiusmodi
1030 4104 1169 4151 unctorum
1185 4094 1302 4150 testimo·

111 4191 157 4246 nin
176 4186 314 4244 cumulare
332 4203 384 4238 non
402 4199 503 4236 necesse
521 4180 615 4251 habeo,
636 4201 697 4238 cnm
717 4182 772 4238 r'em
792 4183 996 4259 haudquaquam
1015 4183 1159 4258 expedient,

150 4282 181 4350 3)
199 4277 245 4332 der
263 4285 312 4331 stt.
334 4291 400 4348 proc.
420 4291 443 4346 p.
464 4273 519 4326 XX.

153 4370 183 4438 d)
202 4365 235 4420 ci.
254 4363 431 4430 Schoemaon,
450 4368 504 4414 snt.
524 4358 575 4415 inr.
594 4357 666 4435 pubi.
687 4380 724 4435 gr.
744 4379 769 4434 p.
780 4363 849 4430 192,
870 4379 895 4415 n.
916 4363 933 4414 8
951 4380 987 4436 sq.

154 4459 184 4528 5)
202 4454 234 4510 de
253 4452 318 4513 ruit.
339 4452 391 4507 her.
412 4471 435 4527 p.
447 4454 497 4518 58,
518 4451 533 4520 §
552 4452 596 4504 22.
