<?xml version="1.0" encoding="UTF-8"?>
<!DOCTYPE html PUBLIC "-//W3C//DTD XHTML 1.0 Transitional//EN"
    "http://www.w3.org/TR/xhtml1/DTD/xhtml1-transitional.dtd">
<html xmlns="http://www.w3.org/1999/xhtml" xml:lang="en" lang="en">
 <head>
  <title>
</title>
<meta http-equiv="Content-Type" content="text/html;charset=utf-8" />
  <meta name='ocr-system' content='tesseract 3.04.00' />
  <meta name='ocr-capabilities' content='ocr_page ocr_carea ocr_par ocr_line ocrx_word'/>
</head>
<body>
  <div class='ocr_page' id='page_1' title='image "./deiurefamiliaru00esgoog_0096.png"; bbox 0 0 2842 5018; ppageno 0'>
   <div class='ocr_carea' id='block_1_1' title="bbox 659 287 699 348">
    <p class='ocr_par' dir='ltr' id='par_1_1' title="bbox 659 287 699 348">
     <span class='ocr_line' id='line_1_1' title="bbox 659 287 699 348; baseline 0 0"><span class='ocrx_word' id='word_1_1' title='bbox 659 287 699 348; x_wconf 79' lang='lat'><strong>81</strong></span> 
     </span>
    </p>
   </div>
   <div class='ocr_carea' id='block_1_2' title="bbox 60 468 1313 3431">
    <p class='ocr_par' dir='ltr' id='par_1_2' title="bbox 60 468 1313 3431">
     <span class='ocr_line' id='line_1_2' title="bbox 72 468 1268 558; baseline 0.003 -22"><span class='ocrx_word' id='word_1_2' title='bbox 72 468 268 536; x_wconf 91' lang='lat' dir='ltr'><strong>dominus</strong></span> <span class='ocrx_word' id='word_1_3' title='bbox 298 488 413 556; x_wconf 78' lang='lat' dir='ltr'><strong>operae</strong></span> <span class='ocrx_word' id='word_1_4' title='bbox 445 470 587 556; x_wconf 90' lang='lat' dir='ltr'><strong>pretium</strong></span> <span class='ocrx_word' id='word_1_5' title='bbox 620 478 670 536; x_wconf 85' lang='lat' dir='ltr'><strong>est</strong></span> <span class='ocrx_word' id='word_1_6' title='bbox 704 469 888 545; x_wconf 86' lang='lat' dir='ltr'><strong>attendere;</strong></span> <span class='ocrx_word' id='word_1_7' title='bbox 924 470 999 537; x_wconf 87' lang='lat' dir='ltr'><strong>hino</strong></span> <span class='ocrx_word' id='word_1_8' title='bbox 1031 471 1117 538; x_wconf 91' lang='lat' dir='ltr'><strong>enim</strong></span> <span class='ocrx_word' id='word_1_9' title='bbox 1142 469 1188 539; x_wconf 93' lang='lat' dir='ltr'><strong>illi</strong></span> <span class='ocrx_word' id='word_1_10' title='bbox 1211 473 1268 558; x_wconf 88' lang='lat' dir='ltr'><strong>qui</strong></span> 
     </span>
     <span class='ocr_line' id='line_1_3' title="bbox 71 588 1270 678; baseline 0.005 -24"><span class='ocrx_word' id='word_1_11' title='bbox 71 592 141 676; x_wconf 91' lang='lat' dir='ltr'><strong>ipse</strong></span> <span class='ocrx_word' id='word_1_12' title='bbox 171 588 342 676; x_wconf 87' lang='lat' dir='ltr'><strong>adoptatus</strong></span> <span class='ocrx_word' id='word_1_13' title='bbox 374 598 423 657; x_wconf 85' lang='lat' dir='ltr'><strong>est</strong></span> <span class='ocrx_word' id='word_1_14' title='bbox 455 588 558 656; x_wconf 74' lang='lat' dir='ltr'><strong>filiorm</strong></span> <span class='ocrx_word' id='word_1_15' title='bbox 593 589 656 656; x_wconf 88' lang='lat' dir='ltr'><strong>sibi</strong></span> <span class='ocrx_word' id='word_1_16' title='bbox 686 590 839 677; x_wconf 89' lang='lat' dir='ltr'><strong>adoptare</strong></span> <span class='ocrx_word' id='word_1_17' title='bbox 869 610 931 657; x_wconf 91' lang='lat' dir='ltr'><strong>non</strong></span> <span class='ocrx_word' id='word_1_18' title='bbox 963 591 1039 658; x_wconf 83' lang='lat' dir='ltr'><strong>lieet</strong></span> <span class='ocrx_word' id='word_1_19' title='bbox 1069 590 1202 678; x_wconf 80' lang='lat' dir='ltr'><strong>exlege</strong></span> <span class='ocrx_word' id='word_1_20' title='bbox 1229 591 1270 660; x_wconf 85' lang='lat' dir='ltr'><strong>ah</strong></span> 
     </span>
     <span class='ocr_line' id='line_1_4' title="bbox 69 709 1266 799; baseline 0.003 -23"><span class='ocrx_word' id='word_1_21' title='bbox 69 709 181 776; x_wconf 91' lang='lat' dir='ltr'><strong>eodem</strong></span> <span class='ocrx_word' id='word_1_22' title='bbox 204 718 331 778; x_wconf 89' lang='lat' dir='ltr'><strong>oratore</strong></span> <span class='ocrx_word' id='word_1_23' title='bbox 353 710 473 777; x_wconf 86' lang='lat' dir='ltr'><strong>tradita</strong></span> <span class='ocrx_word' id='word_1_24' title='bbox 488 709 531 798; x_wconf 87' lang='lat'><strong>¹):</strong></span> <span class='ocrx_word' id='word_1_25' title='bbox 557 711 634 797; x_wconf 81' lang='lat' dir='ltr'><strong>»qui</strong></span> <span class='ocrx_word' id='word_1_26' title='bbox 660 730 722 776; x_wconf 92' lang='lat' dir='ltr'><strong>non</strong></span> <span class='ocrx_word' id='word_1_27' title='bbox 746 710 889 799; x_wconf 88' lang='lat' dir='ltr'><strong>adoptati</strong></span> <span class='ocrx_word' id='word_1_28' title='bbox 909 711 1053 788; x_wconf 88' lang='lat' dir='ltr'><strong>inerant,</strong></span> <span class='ocrx_word' id='word_1_29' title='bbox 1075 731 1151 779; x_wconf 88' lang='lat' dir='ltr'><strong>cum</strong></span> <span class='ocrx_word' id='word_1_30' title='bbox 1170 710 1266 779; x_wconf 90' lang='lat' dir='ltr'><strong>Solon</strong></span> 
     </span>
     <span class='ocr_line' id='line_1_5' title="bbox 69 829 1265 917; baseline 0.003 -21"><span class='ocrx_word' id='word_1_31' title='bbox 69 829 235 896; x_wconf 88' lang='lat' dir='ltr'><strong>archontis</strong></span> <span class='ocrx_word' id='word_1_32' title='bbox 259 831 486 917; x_wconf 82' lang='lat' dir='ltr'><strong>magistratum</strong></span> <span class='ocrx_word' id='word_1_33' title='bbox 512 831 626 909; x_wconf 84' lang='lat' dir='ltr'><strong>iniret,</strong></span> <span class='ocrx_word' id='word_1_34' title='bbox 650 832 691 898; x_wconf 85' lang='lat' dir='ltr'><strong>iis</strong></span> <span class='ocrx_word' id='word_1_35' title='bbox 714 838 947 898; x_wconf 88' lang='lat' dir='ltr'><strong>testamentum</strong></span> <span class='ocrx_word' id='word_1_36' title='bbox 971 829 1077 898; x_wconf 87' lang='lat' dir='ltr'><strong>facere</strong></span> <span class='ocrx_word' id='word_1_37' title='bbox 1099 851 1158 898; x_wconf 91' lang='lat' dir='ltr'><strong>suo</strong></span> <span class='ocrx_word' id='word_1_38' title='bbox 1178 831 1265 900; x_wconf 82' lang='lat' dir='ltr'><strong>arbi·</strong></span> 
     </span>
     <span class='ocr_line' id='line_1_6' title="bbox 64 948 1263 1037; baseline 0.003 -22"><span class='ocrx_word' id='word_1_39' title='bbox 64 957 156 1016; x_wconf 87' lang='lat' dir='ltr'><strong>tratu</strong></span> <span class='ocrx_word' id='word_1_40' title='bbox 184 948 317 1025; x_wconf 86' lang='lat' dir='ltr'><strong>licebat;</strong></span> <span class='ocrx_word' id='word_1_41' title='bbox 349 950 511 1037; x_wconf 87' lang='lat' dir='ltr'><strong>adoptatis</strong></span> <span class='ocrx_word' id='word_1_42' title='bbox 541 951 644 1035; x_wconf 82' lang='lat' dir='ltr'><strong>igitur</strong></span> <span class='ocrx_word' id='word_1_43' title='bbox 675 970 739 1017; x_wconf 87' lang='lat' dir='ltr'><strong>non</strong></span> <span class='ocrx_word' id='word_1_44' title='bbox 771 948 846 1016; x_wconf 84' lang='lat' dir='ltr'><strong>licet</strong></span> <span class='ocrx_word' id='word_1_45' title='bbox 875 957 1106 1018; x_wconf 87' lang='lat' dir='ltr'><strong>testamentum</strong></span> <span class='ocrx_word' id='word_1_46' title='bbox 1137 949 1263 1030; x_wconf 84' lang='lat' dir='ltr'><strong>facere,</strong></span> 
     </span>
     <span class='ocr_line' id='line_1_7' title="bbox 67 1068 1313 1156; baseline 0 -21"><span class='ocrx_word' id='word_1_47' title='bbox 67 1069 124 1136; x_wconf 91' lang='lat' dir='ltr'><strong>sed</strong></span> <span class='ocrx_word' id='word_1_48' title='bbox 156 1070 301 1136; x_wconf 87' lang='lat' dir='ltr'><strong>viventes</strong></span> <span class='ocrx_word' id='word_1_49' title='bbox 333 1069 445 1135; x_wconf 90' lang='lat' dir='ltr'><strong>relicto</strong></span> <span class='ocrx_word' id='word_1_50' title='bbox 478 1068 619 1134; x_wconf 87' lang='lat' dir='ltr'><strong>naturali</strong></span> <span class='ocrx_word' id='word_1_51' title='bbox 654 1068 719 1134; x_wconf 91' lang='lat' dir='ltr'><strong>filio</strong></span> <span class='ocrx_word' id='word_1_52' title='bbox 749 1069 856 1136; x_wconf 90' lang='lat' dir='ltr'><strong>redire</strong></span> <span class='ocrx_word' id='word_1_53' title='bbox 887 1077 1021 1156; x_wconf 76' lang='lat' dir='ltr'><strong>possunt</strong></span> <span class='ocrx_word' id='word_1_54' title='bbox 1052 1077 1110 1137; x_wconf 88' lang='lat' dir='ltr'><strong>aut</strong></span> <span class='ocrx_word' id='word_1_55' title='bbox 1141 1071 1263 1139; x_wconf 88' lang='lat' dir='ltr'><strong>mortui</strong></span> <span class='ocrx_word' id='word_1_56' title='bbox 1311 1130 1313 1135; x_wconf 88' lang='grc'><em>,</em></span> 
     </span>
     <span class='ocr_line' id='line_1_8' title="bbox 67 1188 1262 1277; baseline 0 -21"><span class='ocrx_word' id='word_1_57' title='bbox 67 1188 200 1257; x_wconf 75' lang='lat' dir='ltr'><strong>reddere</strong></span> <span class='ocrx_word' id='word_1_58' title='bbox 232 1188 444 1256; x_wconf 82' lang='lat' dir='ltr'><strong>hereditatem</strong></span> <span class='ocrx_word' id='word_1_59' title='bbox 480 1189 635 1274; x_wconf 84' lang='lat' dir='ltr'><strong>proximis</strong></span> <span class='ocrx_word' id='word_1_60' title='bbox 664 1190 810 1274; x_wconf 82' lang='lat' dir='ltr'><strong>cognatis</strong></span> <span class='ocrx_word' id='word_1_61' title='bbox 841 1190 912 1256; x_wconf 88' lang='lat' dir='ltr'><strong>eius</strong></span> <span class='ocrx_word' id='word_1_62' title='bbox 939 1191 995 1275; x_wconf 92' lang='lat' dir='ltr'><strong>qui</strong></span> <span class='ocrx_word' id='word_1_63' title='bbox 1019 1189 1262 1277; x_wconf 83' lang='lat' dir='ltr'><strong>adoptaverat.”</strong></span> 
     </span>
     <span class='ocr_line' id='line_1_9' title="bbox 65 1307 1261 1396; baseline 0.003 -22"><span class='ocrx_word' id='word_1_64' title='bbox 65 1309 151 1375; x_wconf 87' lang='lat' dir='ltr'><strong>llaec</strong></span> <span class='ocrx_word' id='word_1_65' title='bbox 180 1309 226 1375; x_wconf 86' lang='lat' dir='ltr'><strong>ita</strong></span> <span class='ocrx_word' id='word_1_66' title='bbox 257 1309 428 1395; x_wconf 86' lang='lat' dir='ltr'><strong>perspicua</strong></span> <span class='ocrx_word' id='word_1_67' title='bbox 450 1314 541 1384; x_wconf 89' lang='lat' dir='ltr'><strong>suut,</strong></span> <span class='ocrx_word' id='word_1_68' title='bbox 566 1317 603 1373; x_wconf 92' lang='lat' dir='ltr'><strong>ut</strong></span> <span class='ocrx_word' id='word_1_69' title='bbox 626 1307 837 1394; x_wconf 78' lang='lat' dir='ltr'><strong>explicatione</strong></span> <span class='ocrx_word' id='word_1_70' title='bbox 862 1329 926 1375; x_wconf 92' lang='lat' dir='ltr'><strong>non</strong></span> <span class='ocrx_word' id='word_1_71' title='bbox 950 1309 1132 1395; x_wconf 63' lang='lat' dir='ltr'><strong>indigeam</strong></span> <span class='ocrx_word' id='word_1_72' title='bbox 1156 1329 1261 1396; x_wconf 86' lang='lat' dir='ltr'><strong>neque</strong></span> 
     </span>
     <span class='ocr_line' id='line_1_10' title="bbox 63 1417 1261 1516; baseline 0 -21"><span class='ocrx_word' id='word_1_73' title='bbox 63 1436 172 1495; x_wconf 80' lang='lat' dir='ltr'><strong>tanmn</strong></span> <span class='ocrx_word' id='word_1_74' title='bbox 205 1430 251 1494; x_wconf 88' lang='lat' dir='ltr'><strong>ita</strong></span> <span class='ocrx_word' id='word_1_75' title='bbox 280 1429 431 1494; x_wconf 84' lang='lat' dir='ltr'><strong>universa</strong></span> <span class='ocrx_word' id='word_1_76' title='bbox 463 1427 515 1494; x_wconf 87' lang='lat' dir='ltr'><strong>lex</strong></span> <span class='ocrx_word' id='word_1_77' title='bbox 542 1417 686 1514; x_wconf 81' lang='lat' dir='ltr'><strong>exposita</strong></span> <span class='ocrx_word' id='word_1_78' title='bbox 711 1437 777 1506; x_wconf 86' lang='lat' dir='ltr'><strong>est,</strong></span> <span class='ocrx_word' id='word_1_79' title='bbox 802 1430 857 1494; x_wconf 91' lang='lat' dir='ltr'><strong>cui</strong></span> <span class='ocrx_word' id='word_1_80' title='bbox 880 1449 919 1496; x_wconf 85' lang='lat' dir='ltr'><strong>ex</strong></span> <span class='ocrx_word' id='word_1_81' title='bbox 940 1430 1023 1496; x_wconf 87' lang='lat' dir='ltr'><strong>lsaei</strong></span> <span class='ocrx_word' id='word_1_82' title='bbox 1044 1438 1141 1516; x_wconf 84' lang='lat' dir='ltr'><strong>etque</strong></span> <span class='ocrx_word' id='word_1_83' title='bbox 1164 1429 1261 1516; x_wconf 84' lang='lat' dir='ltr'><strong>Apol-</strong></span> 
     </span>
     <span class='ocr_line' id='line_1_11' title="bbox 63 1546 1261 1636; baseline 0.006 -24"><span class='ocrx_word' id='word_1_84' title='bbox 63 1547 206 1636; x_wconf 71' lang='lat' dir='ltr'><strong>lodori2)</strong></span> <span class='ocrx_word' id='word_1_85' title='bbox 240 1548 434 1615; x_wconf 87' lang='lat' dir='ltr'><strong>testimoniis</strong></span> <span class='ocrx_word' id='word_1_86' title='bbox 465 1547 543 1614; x_wconf 90' lang='lat' dir='ltr'><strong>haec</strong></span> <span class='ocrx_word' id='word_1_87' title='bbox 575 1546 749 1614; x_wconf 88' lang='lat' dir='ltr'><strong>addamus:</strong></span> <span class='ocrx_word' id='word_1_88' title='bbox 782 1549 925 1615; x_wconf 76' lang='lat' dir='ltr'><strong>»nemini</strong></span> <span class='ocrx_word' id='word_1_89' title='bbox 956 1568 1019 1615; x_wconf 91' lang='lat' dir='ltr'><strong>uon</strong></span> <span class='ocrx_word' id='word_1_90' title='bbox 1048 1548 1124 1618; x_wconf 88' lang='lat' dir='ltr'><strong>licet</strong></span> <span class='ocrx_word' id='word_1_91' title='bbox 1144 1549 1184 1618; x_wconf 89' lang='lat' dir='ltr'><strong>de</strong></span> <span class='ocrx_word' id='word_1_92' title='bbox 1208 1549 1261 1619; x_wconf 81' lang='lat' dir='ltr'><strong>lto-</strong></span> 
     </span>
     <span class='ocr_line' id='line_1_12' title="bbox 65 1667 1261 1755; baseline 0.003 -22"><span class='ocrx_word' id='word_1_93' title='bbox 65 1669 117 1733; x_wconf 84' lang='lat' dir='ltr'><strong>nis</strong></span> <span class='ocrx_word' id='word_1_94' title='bbox 146 1669 214 1735; x_wconf 87' lang='lat' dir='ltr'><strong>suis</strong></span> <span class='ocrx_word' id='word_1_95' title='bbox 241 1667 438 1735; x_wconf 88' lang='lat' dir='ltr'><strong>constituere</strong></span> <span class='ocrx_word' id='word_1_96' title='bbox 470 1667 558 1755; x_wconf 91' lang='lat' dir='ltr'><strong>prole</strong></span> <span class='ocrx_word' id='word_1_97' title='bbox 582 1667 726 1735; x_wconf 90' lang='lat' dir='ltr'><strong>mascula</strong></span> <span class='ocrx_word' id='word_1_98' title='bbox 750 1670 890 1746; x_wconf 88' lang='lat' dir='ltr'><strong>carenti,</strong></span> <span class='ocrx_word' id='word_1_99' title='bbox 916 1670 979 1736; x_wconf 85' lang='lat' dir='ltr'><strong>uisi</strong></span> <span class='ocrx_word' id='word_1_100' title='bbox 1003 1670 1031 1736; x_wconf 90' lang='lat' dir='ltr'><strong>si</strong></span> <span class='ocrx_word' id='word_1_101' title='bbox 1054 1669 1137 1738; x_wconf 89' lang='lat' dir='ltr'><strong>lorte</strong></span> <span class='ocrx_word' id='word_1_102' title='bbox 1160 1669 1261 1740; x_wconf 90' lang='lat' dir='ltr'><strong>lurio-</strong></span> 
     </span>
     <span class='ocr_line' id='line_1_13' title="bbox 64 1788 1259 1876; baseline 0.001 -20"><span class='ocrx_word' id='word_1_103' title='bbox 64 1809 121 1856; x_wconf 84' lang='lat' dir='ltr'><strong>suo</strong></span> <span class='ocrx_word' id='word_1_104' title='bbox 144 1792 188 1856; x_wconf 83' lang='lat' dir='ltr'><strong>sit</strong></span> <span class='ocrx_word' id='word_1_105' title='bbox 210 1799 266 1856; x_wconf 88' lang='lat' dir='ltr'><strong>aut</strong></span> <span class='ocrx_word' id='word_1_106' title='bbox 289 1810 367 1876; x_wconf 87' lang='lat' dir='ltr'><strong>prae</strong></span> <span class='ocrx_word' id='word_1_107' title='bbox 391 1791 480 1856; x_wconf 86' lang='lat' dir='ltr'><strong>seuio</strong></span> <span class='ocrx_word' id='word_1_108' title='bbox 503 1798 560 1854; x_wconf 77' lang='lat' dir='ltr'><strong>anit</strong></span> <span class='ocrx_word' id='word_1_109' title='bbox 578 1809 636 1875; x_wconf 88' lang='lat' dir='ltr'><strong>per</strong></span> <span class='ocrx_word' id='word_1_110' title='bbox 656 1788 753 1855; x_wconf 91' lang='lat' dir='ltr'><strong>aliam</strong></span> <span class='ocrx_word' id='word_1_111' title='bbox 777 1789 963 1874; x_wconf 88' lang='lat' dir='ltr'><strong>quampiam</strong></span> <span class='ocrx_word' id='word_1_112' title='bbox 987 1807 1118 1857; x_wconf 87' lang='lat' dir='ltr'><strong>eausam</strong></span> <span class='ocrx_word' id='word_1_113' title='bbox 1142 1789 1259 1857; x_wconf 84' lang='lat' dir='ltr'><strong>hocin</strong></span> 
     </span>
     <span class='ocr_line' id='line_1_14' title="bbox 64 1906 1261 1993; baseline 0.003 -20"><span class='ocrx_word' id='word_1_114' title='bbox 64 1909 135 1993; x_wconf 80' lang='lat' dir='ltr'><strong>lege</strong></span> <span class='ocrx_word' id='word_1_115' title='bbox 166 1908 340 1973; x_wconf 86' lang='lat' dir='ltr'><strong>iudicatam</strong></span> <span class='ocrx_word' id='word_1_116' title='bbox 375 1909 492 1972; x_wconf 85' lang='lat' dir='ltr'><strong>mentis</strong></span> <span class='ocrx_word' id='word_1_117' title='bbox 522 1925 638 1993; x_wconf 87' lang='lat' dir='ltr'><strong>parum</strong></span> <span class='ocrx_word' id='word_1_118' title='bbox 671 1909 714 1972; x_wconf 90' lang='lat' dir='ltr'><strong>sit</strong></span> <span class='ocrx_word' id='word_1_119' title='bbox 737 1908 905 1992; x_wconf 89' lang='lat' dir='ltr'><strong>compos;”</strong></span> <span class='ocrx_word' id='word_1_120' title='bbox 926 1925 1009 1993; x_wconf 89' lang='lat' dir='ltr'><strong>quae</strong></span> <span class='ocrx_word' id='word_1_121' title='bbox 1035 1906 1209 1975; x_wconf 86' lang='lat' dir='ltr'><strong>firmantur</strong></span> <span class='ocrx_word' id='word_1_122' title='bbox 1226 1916 1261 1977; x_wconf 79' lang='lat' dir='ltr'><strong>et</strong></span> 
     </span>
     <span class='ocr_line' id='line_1_15' title="bbox 65 2023 1260 2113; baseline 0.003 -22"><span class='ocrx_word' id='word_1_123' title='bbox 65 2032 228 2110; x_wconf 79' lang='lat' dir='ltr'><strong>augemur</strong></span> <span class='ocrx_word' id='word_1_124' title='bbox 258 2025 297 2090; x_wconf 83' lang='lat' dir='ltr'><strong>ab</strong></span> <span class='ocrx_word' id='word_1_125' title='bbox 328 2023 516 2110; x_wconf 78' lang='lat' dir='ltr'><strong>Apollodoro</strong></span> <span class='ocrx_word' id='word_1_126' title='bbox 548 2024 644 2090; x_wconf 87' lang='lat' dir='ltr'><strong>haece</strong></span> <span class='ocrx_word' id='word_1_127' title='bbox 670 2024 814 2091; x_wconf 88' lang='lat' dir='ltr'><strong>dicente:</strong></span> <span class='ocrx_word' id='word_1_128' title='bbox 840 2025 1062 2093; x_wconf 81' lang='lat' dir='ltr'><strong>»considerate</strong></span> <span class='ocrx_word' id='word_1_129' title='bbox 1084 2045 1194 2113; x_wconf 84' lang='lat' dir='ltr'><strong>porro,</strong></span> <span class='ocrx_word' id='word_1_130' title='bbox 1219 2047 1260 2095; x_wconf 89' lang='lat' dir='ltr'><strong>ue</strong></span> 
     </span>
     <span class='ocr_line' id='line_1_16' title="bbox 65 2143 1259 2233; baseline 0.005 -23"><span class='ocrx_word' id='word_1_131' title='bbox 65 2146 92 2210; x_wconf 87' lang='lat' dir='ltr'><strong>si</strong></span> <span class='ocrx_word' id='word_1_132' title='bbox 122 2144 220 2210; x_wconf 89' lang='lat' dir='ltr'><strong>orbus</strong></span> <span class='ocrx_word' id='word_1_133' title='bbox 250 2143 381 2231; x_wconf 88' lang='lat' dir='ltr'><strong>quidem</strong></span> <span class='ocrx_word' id='word_1_134' title='bbox 413 2145 487 2230; x_wconf 90' lang='lat' dir='ltr'><strong>quis</strong></span> <span class='ocrx_word' id='word_1_135' title='bbox 510 2145 572 2223; x_wconf 89' lang='lat' dir='ltr'><strong>sit,</strong></span> <span class='ocrx_word' id='word_1_136' title='bbox 600 2144 758 2211; x_wconf 91' lang='lat' dir='ltr'><strong>condendi</strong></span> <span class='ocrx_word' id='word_1_137' title='bbox 782 2147 967 2212; x_wconf 86' lang='lat' dir='ltr'><strong>testamenti</strong></span> <span class='ocrx_word' id='word_1_138' title='bbox 991 2154 1181 2233; x_wconf 84' lang='lat' dir='ltr'><strong>potestatem</strong></span> <span class='ocrx_word' id='word_1_139' title='bbox 1205 2146 1259 2216; x_wconf 87' lang='lat' dir='ltr'><strong>ha·</strong></span> 
     </span>
     <span class='ocr_line' id='line_1_17' title="bbox 61 2263 1304 2350; baseline 0.006 -19"><span class='ocrx_word' id='word_1_140' title='bbox 61 2266 154 2342; x_wconf 80' lang='lat' dir='ltr'><strong>ltere,</strong></span> <span class='ocrx_word' id='word_1_141' title='bbox 184 2265 212 2330; x_wconf 91' lang='lat' dir='ltr'><strong>si</strong></span> <span class='ocrx_word' id='word_1_142' title='bbox 243 2263 374 2339; x_wconf 87' lang='lat' dir='ltr'><strong>deliret;</strong></span> <span class='ocrx_word' id='word_1_143' title='bbox 396 2273 616 2350; x_wconf 78' lang='lat' dir='ltr'><strong>aegrotantem</strong></span> <span class='ocrx_word' id='word_1_144' title='bbox 641 2275 698 2331; x_wconf 88' lang='lat' dir='ltr'><strong>aut</strong></span> <span class='ocrx_word' id='word_1_145' title='bbox 721 2286 844 2333; x_wconf 88' lang='lat' dir='ltr'><strong>veneno</strong></span> <span class='ocrx_word' id='word_1_146' title='bbox 868 2266 1023 2335; x_wconf 79' lang='lat' dir='ltr'><strong>iniectum</strong></span> <span class='ocrx_word' id='word_1_147' title='bbox 1048 2276 1104 2334; x_wconf 85' lang='lat' dir='ltr'><strong>aut</strong></span> <span class='ocrx_word' id='word_1_148' title='bbox 1129 2266 1258 2337; x_wconf 82' lang='lat' dir='ltr'><strong>mulieri</strong></span> <span class='ocrx_word' id='word_1_149' title='bbox 1302 2276 1304 2281; x_wconf 84' lang='lat'>&#39;</span> 
     </span>
     <span class='ocr_line' id='line_1_18' title="bbox 63 2383 1259 2477; baseline 0.003 -26"><span class='ocrx_word' id='word_1_150' title='bbox 63 2385 252 2452; x_wconf 86' lang='lat' dir='ltr'><strong>obsecutum</strong></span> <span class='ocrx_word' id='word_1_151' title='bbox 284 2383 347 2449; x_wconf 76' lang='lat' dir='ltr'><strong>aut&#39;</strong></span> <span class='ocrx_word' id='word_1_152' title='bbox 364 2385 465 2477; x_wconf 17' lang='lat' dir='ltr'><strong>*senio</strong></span> <span class='ocrx_word' id='word_1_153' title='bbox 496 2393 552 2452; x_wconf 91' lang='lat' dir='ltr'><strong>aut</strong></span> <span class='ocrx_word' id='word_1_154' title='bbox 580 2384 744 2452; x_wconf 81' lang='lat' dir='ltr'><strong>furoribus</strong></span> <span class='ocrx_word' id='word_1_155' title='bbox 767 2395 824 2452; x_wconf 91' lang='lat' dir='ltr'><strong>aut</strong></span> <span class='ocrx_word' id='word_1_156' title='bbox 846 2386 955 2472; x_wconf 89' lang='lat' dir='ltr'><strong>aliqua</strong></span> <span class='ocrx_word' id='word_1_157' title='bbox 978 2387 1170 2455; x_wconf 80' lang='lat' dir='ltr'><strong>necessitate</strong></span> <span class='ocrx_word' id='word_1_158' title='bbox 1192 2387 1259 2456; x_wconf 87' lang='lat' dir='ltr'><strong>eir·</strong></span> 
     </span>
     <span class='ocr_line' id='line_1_19' title="bbox 61 2503 1257 2596; baseline 0.001 -25"><span class='ocrx_word' id='word_1_159' title='bbox 61 2512 272 2571; x_wconf 85' lang='lat' dir='ltr'><strong>cumreutum</strong></span> <span class='ocrx_word' id='word_1_160' title='bbox 293 2503 419 2589; x_wconf 84' lang='lat' dir='ltr'><strong>legandi</strong></span> <span class='ocrx_word' id='word_1_161' title='bbox 442 2511 633 2591; x_wconf 87' lang='lat' dir='ltr'><strong>potestatem</strong></span> <span class='ocrx_word' id='word_1_162' title='bbox 653 2505 771 2575; x_wconf 85' lang='lat' dir='ltr'><strong>habore</strong></span> <span class='ocrx_word' id='word_1_163' title='bbox 789 2506 1032 2594; x_wconf 84' lang='lat' dir='ltr'><strong>legesvetant.”</strong></span> <span class='ocrx_word' id='word_1_164' title='bbox 1066 2506 1257 2596; x_wconf 73' lang='lat' dir='ltr'><strong>nlioloco³t</strong></span> 
     </span>
     <span class='ocr_line' id='line_1_20' title="bbox 61 2624 1258 2712; baseline 0.004 -22"><span class='ocrx_word' id='word_1_165' title='bbox 61 2625 172 2692; x_wconf 82' lang='lat' dir='ltr'><strong>isaeus</strong></span> <span class='ocrx_word' id='word_1_166' title='bbox 203 2624 296 2690; x_wconf 88' lang='lat' dir='ltr'><strong>docet</strong></span> <span class='ocrx_word' id='word_1_167' title='bbox 329 2624 469 2689; x_wconf 77' lang='lat' dir='ltr'><strong>»nemini</strong></span> <span class='ocrx_word' id='word_1_168' title='bbox 502 2644 542 2690; x_wconf 84' lang='lat' dir='ltr'><strong>ex</strong></span> <span class='ocrx_word' id='word_1_169' title='bbox 576 2626 617 2692; x_wconf 84' lang='lat' dir='ltr'><strong>iis</strong></span> <span class='ocrx_word' id='word_1_170' title='bbox 646 2626 764 2712; x_wconf 83' lang='lat' dir='ltr'><strong>quibus</strong></span> <span class='ocrx_word' id='word_1_171' title='bbox 787 2626 870 2692; x_wconf 84' lang='lat' dir='ltr'><strong>filine</strong></span> <span class='ocrx_word' id='word_1_172' title='bbox 895 2634 973 2694; x_wconf 90' lang='lat' dir='ltr'><strong>suut</strong></span> <span class='ocrx_word' id='word_1_173' title='bbox 994 2624 1138 2712; x_wconf 80' lang='lat' dir='ltr'><strong>legitime</strong></span> <span class='ocrx_word' id='word_1_174' title='bbox 1161 2645 1258 2712; x_wconf 89' lang='lat' dir='ltr'><strong>quae·</strong></span> 
     </span>
     <span class='ocr_line' id='line_1_21' title="bbox 63 2742 1257 2832; baseline 0.006 -22"><span class='ocrx_word' id='word_1_175' title='bbox 63 2746 144 2811; x_wconf 83' lang='lat' dir='ltr'><strong>sitae</strong></span> <span class='ocrx_word' id='word_1_176' title='bbox 178 2764 236 2831; x_wconf 87' lang='lat' dir='ltr'><strong>per</strong></span> <span class='ocrx_word' id='word_1_177' title='bbox 268 2742 354 2829; x_wconf 83' lang='lat' dir='ltr'><strong>leges</strong></span> <span class='ocrx_word' id='word_1_178' title='bbox 386 2742 483 2809; x_wconf 88' lang='lat' dir='ltr'><strong>licere</strong></span> <span class='ocrx_word' id='word_1_179' title='bbox 515 2763 618 2830; x_wconf 88' lang='lat' dir='ltr'><strong>neque</strong></span> <span class='ocrx_word' id='word_1_180' title='bbox 651 2745 753 2812; x_wconf 84' lang='lat' dir='ltr'><strong>filium</strong></span> <span class='ocrx_word' id='word_1_181' title='bbox 784 2745 937 2832; x_wconf 86' lang='lat' dir='ltr'><strong>adoptare</strong></span> <span class='ocrx_word' id='word_1_182' title='bbox 966 2765 1069 2832; x_wconf 91' lang='lat' dir='ltr'><strong>neque</strong></span> <span class='ocrx_word' id='word_1_183' title='bbox 1099 2746 1257 2817; x_wconf 80' lang='lat' dir='ltr'><strong>honorum</strong></span> 
     </span>
     <span class='ocr_line' id='line_1_22' title="bbox 61 2863 1256 2950; baseline 0.002 -19"><span class='ocrx_word' id='word_1_184' title='bbox 61 2873 186 2950; x_wconf 87' lang='lat' dir='ltr'><strong>partem</strong></span> <span class='ocrx_word' id='word_1_185' title='bbox 210 2863 269 2930; x_wconf 92' lang='lat' dir='ltr'><strong>ulli</strong></span> <span class='ocrx_word' id='word_1_186' title='bbox 292 2863 400 2948; x_wconf 80' lang='lat' dir='ltr'><strong>legare</strong></span> <span class='ocrx_word' id='word_1_187' title='bbox 423 2864 486 2933; x_wconf 90' lang='lat' dir='ltr'><strong>nisi</strong></span> <span class='ocrx_word' id='word_1_188' title='bbox 510 2882 586 2929; x_wconf 90' lang='lat' dir='ltr'><strong>cum</strong></span> <span class='ocrx_word' id='word_1_189' title='bbox 611 2864 773 2933; x_wconf 83' lang='lat' dir='ltr'><strong>filiabus.’&#39;</strong></span> <span class='ocrx_word' id='word_1_190' title='bbox 820 2866 861 2931; x_wconf 87' lang='lat' dir='ltr'><strong>lli</strong></span> <span class='ocrx_word' id='word_1_191' title='bbox 882 2865 944 2933; x_wconf 88' lang='lat' dir='ltr'><strong>loci</strong></span> <span class='ocrx_word' id='word_1_192' title='bbox 968 2874 1067 2934; x_wconf 86' lang='lat' dir='ltr'><strong>totam</strong></span> <span class='ocrx_word' id='word_1_193' title='bbox 1088 2864 1191 2950; x_wconf 80' lang='lat' dir='ltr'><strong>legem</strong></span> <span class='ocrx_word' id='word_1_194' title='bbox 1211 2867 1256 2933; x_wconf 86' lang='lat' dir='ltr'><strong>ri·</strong></span> 
     </span>
     <span class='ocr_line' id='line_1_23' title="bbox 60 2982 1256 3069; baseline 0.003 -19"><span class='ocrx_word' id='word_1_195' title='bbox 60 2985 179 3052; x_wconf 88' lang='lat' dir='ltr'><strong>deutur</strong></span> <span class='ocrx_word' id='word_1_196' title='bbox 202 2983 384 3058; x_wconf 87' lang='lat' dir='ltr'><strong>continere,</strong></span> <span class='ocrx_word' id='word_1_197' title='bbox 416 3001 499 3069; x_wconf 90' lang='lat' dir='ltr'><strong>quae</strong></span> <span class='ocrx_word' id='word_1_198' title='bbox 522 2991 690 3069; x_wconf 84' lang='lat' dir='ltr'><strong>praeterea</strong></span> <span class='ocrx_word' id='word_1_199' title='bbox 713 2985 747 3049; x_wconf 92' lang='lat' dir='ltr'><strong>in</strong></span> <span class='ocrx_word' id='word_1_200' title='bbox 772 2982 882 3050; x_wconf 87' lang='lat' dir='ltr'><strong>eadem</strong></span> <span class='ocrx_word' id='word_1_201' title='bbox 906 2982 1088 3069; x_wconf 77' lang='lat' dir='ltr'><strong>Apollodori</strong></span> <span class='ocrx_word' id='word_1_202' title='bbox 1112 2985 1256 3054; x_wconf 84' lang='lat' dir='ltr'><strong>oratione</strong></span> 
     </span>
     <span class='ocr_line' id='line_1_24' title="bbox 62 3101 1255 3190; baseline 0.002 -21"><span class='ocrx_word' id='word_1_203' title='bbox 62 3107 168 3177; x_wconf 74' lang='grc' dir='ltr'><strong><em>αὐτοῖς</em></strong></span> <span class='ocrx_word' id='word_1_204' title='bbox 202 3103 325 3170; x_wconf 89' lang='lat' dir='ltr'><strong>scilieet</strong></span> <span class='ocrx_word' id='word_1_205' title='bbox 356 3101 500 3181; x_wconf 75' lang='grc' dir='ltr'><strong><em>ὀνόμασιν</em></strong></span> <span class='ocrx_word' id='word_1_206' title='bbox 524 3103 586 3169; x_wconf 92' lang='lat' dir='ltr'><strong>hoc</strong></span> <span class='ocrx_word' id='word_1_207' title='bbox 610 3102 703 3170; x_wconf 91' lang='lat' dir='ltr'><strong>modo</strong></span> <span class='ocrx_word' id='word_1_208' title='bbox 728 3102 936 3189; x_wconf 80' lang='lat' dir='ltr'><strong>laudatur⁴):</strong></span> <span class='ocrx_word' id='word_1_209' title='bbox 963 3104 1168 3190; x_wconf 77' lang='lat' dir='ltr'><strong>»quicunque</strong></span> <span class='ocrx_word' id='word_1_210' title='bbox 1193 3123 1255 3173; x_wconf 88' lang='lat' dir='ltr'><strong>nou</strong></span> 
     </span>
     <span class='ocr_line' id='line_1_25' title="bbox 61 3223 1256 3311; baseline 0 -21"><span class='ocrx_word' id='word_1_211' title='bbox 61 3224 205 3311; x_wconf 88' lang='lat' dir='ltr'><strong>adoptati</strong></span> <span class='ocrx_word' id='word_1_212' title='bbox 236 3223 378 3301; x_wconf 87' lang='lat' dir='ltr'><strong>inerant,</strong></span> <span class='ocrx_word' id='word_1_213' title='bbox 411 3223 451 3289; x_wconf 87' lang='lat' dir='ltr'><strong>iis</strong></span> <span class='ocrx_word' id='word_1_214' title='bbox 474 3243 548 3301; x_wconf 85' lang='lat' dir='ltr'><strong>sna,</strong></span> <span class='ocrx_word' id='word_1_215' title='bbox 573 3225 619 3289; x_wconf 90' lang='lat' dir='ltr'><strong>ita</strong></span> <span class='ocrx_word' id='word_1_216' title='bbox 644 3232 679 3291; x_wconf 90' lang='lat' dir='ltr'><strong>ut</strong></span> <span class='ocrx_word' id='word_1_217' title='bbox 703 3245 762 3291; x_wconf 86' lang='lat' dir='ltr'><strong>nec</strong></span> <span class='ocrx_word' id='word_1_218' title='bbox 786 3224 941 3310; x_wconf 84' lang='lat' dir='ltr'><strong>impedita</strong></span> <span class='ocrx_word' id='word_1_219' title='bbox 964 3226 1031 3290; x_wconf 85' lang='lat' dir='ltr'><strong>siut</strong></span> <span class='ocrx_word' id='word_1_220' title='bbox 1054 3245 1113 3291; x_wconf 90' lang='lat' dir='ltr'><strong>neo</strong></span> <span class='ocrx_word' id='word_1_221' title='bbox 1135 3223 1256 3293; x_wconf 89' lang='lat' dir='ltr'><strong>iudicio</strong></span> 
     </span>
     <span class='ocr_line' id='line_1_26' title="bbox 60 3342 1255 3431; baseline 0.002 -21"><span class='ocrx_word' id='word_1_222' title='bbox 60 3347 94 3410; x_wconf 91' lang='lat' dir='ltr'><strong>in</strong></span> <span class='ocrx_word' id='word_1_223' title='bbox 119 3365 156 3411; x_wconf 83' lang='lat' dir='ltr'><strong>ee</strong></span> <span class='ocrx_word' id='word_1_224' title='bbox 180 3352 313 3430; x_wconf 85' lang='lat' dir='ltr'><strong>agatur,</strong></span> <span class='ocrx_word' id='word_1_225' title='bbox 346 3363 421 3410; x_wconf 92' lang='lat' dir='ltr'><strong>cum</strong></span> <span class='ocrx_word' id='word_1_226' title='bbox 445 3342 538 3411; x_wconf 88' lang='lat' dir='ltr'><strong>Solon</strong></span> <span class='ocrx_word' id='word_1_227' title='bbox 564 3346 792 3428; x_wconf 81' lang='lat' dir='ltr'><strong>magistratum</strong></span> <span class='ocrx_word' id='word_1_228' title='bbox 816 3346 931 3422; x_wconf 89' lang='lat' dir='ltr'><strong>iniret,</strong></span> <span class='ocrx_word' id='word_1_229' title='bbox 955 3344 1062 3431; x_wconf 76' lang='lat' dir='ltr'><strong>legare</strong></span> <span class='ocrx_word' id='word_1_230' title='bbox 1085 3364 1143 3412; x_wconf 83' lang='lat' dir='ltr'><strong>ouo</strong></span> <span class='ocrx_word' id='word_1_231' title='bbox 1167 3344 1255 3412; x_wconf 86' lang='lat' dir='ltr'><strong>arbi·</strong></span> 
     </span>
    </p>
   </div>
   <div class='ocr_carea' id='block_1_3' title="bbox 55 3567 1252 4080">
    <p class='ocr_par' dir='ltr' id='par_1_3' title="bbox 98 3567 454 3641">
     <span class='ocr_line' id='line_1_27' title="bbox 98 3567 454 3641; baseline 0.008 -21"><span class='ocrx_word' id='word_1_232' title='bbox 98 3567 354 3641; x_wconf 74' lang='lat' dir='ltr'><strong>r)thtn.p.1roo‚</strong></span> <span class='ocrx_word' id='word_1_233' title='bbox 376 3572 390 3638; x_wconf 73' lang='lat' dir='ltr'><strong>q</strong></span> <span class='ocrx_word' id='word_1_234' title='bbox 411 3573 454 3623; x_wconf 84' lang='lat' dir='ltr'><strong>oe.</strong></span> 
     </span>
    </p>

    <p class='ocr_par' dir='ltr' id='par_1_4' title="bbox 58 3654 1251 3816">
     <span class='ocr_line' id='line_1_28' title="bbox 94 3654 1251 3730; baseline 0.003 -22"><span class='ocrx_word' id='word_1_235' title='bbox 94 3658 126 3725; x_wconf 77' lang='lat'><strong>2)</strong></span> <span class='ocrx_word' id='word_1_236' title='bbox 144 3654 177 3709; x_wconf 90' lang='lat' dir='ltr'><strong>dc</strong></span> <span class='ocrx_word' id='word_1_237' title='bbox 196 3655 261 3712; x_wconf 74' lang='lat' dir='ltr'><strong>thil.</strong></span> <span class='ocrx_word' id='word_1_238' title='bbox 282 3655 335 3711; x_wconf 86' lang='lat' dir='ltr'><strong>her.</strong></span> <span class='ocrx_word' id='word_1_239' title='bbox 357 3678 380 3730; x_wconf 92' lang='lat' dir='ltr'><strong>p.</strong></span> <span class='ocrx_word' id='word_1_240' title='bbox 402 3661 453 3726; x_wconf 78' lang='lat'><strong>57,</strong></span> <span class='ocrx_word' id='word_1_241' title='bbox 475 3660 490 3728; x_wconf 65' lang='lat' dir='ltr'><strong>d</strong></span> <span class='ocrx_word' id='word_1_242' title='bbox 512 3661 547 3725; x_wconf 82' lang='lat'><strong>9,</strong></span> <span class='ocrx_word' id='word_1_243' title='bbox 567 3658 727 3730; x_wconf 83' lang='lat' dir='ltr'><strong>[Demostlr.]</strong></span> <span class='ocrx_word' id='word_1_244' title='bbox 745 3677 766 3711; x_wconf 93' lang='lat' dir='ltr'><strong>c.</strong></span> <span class='ocrx_word' id='word_1_245' title='bbox 787 3657 875 3730; x_wconf 85' lang='lat' dir='ltr'><strong>Steph.</strong></span> <span class='ocrx_word' id='word_1_246' title='bbox 897 3662 932 3711; x_wconf 89' lang='lat' dir='ltr'><strong>ll.</strong></span> <span class='ocrx_word' id='word_1_247' title='bbox 951 3678 975 3730; x_wconf 91' lang='lat' dir='ltr'><strong>p.</strong></span> <span class='ocrx_word' id='word_1_248' title='bbox 996 3663 1082 3725; x_wconf 85' lang='grc'>1133,</span> <span class='ocrx_word' id='word_1_249' title='bbox 1112 3660 1127 3726; x_wconf 85' lang='lat'>§</span> <span class='ocrx_word' id='word_1_250' title='bbox 1149 3661 1200 3726; x_wconf 75' lang='lat'><strong>163</strong></span> <span class='ocrx_word' id='word_1_251' title='bbox 1220 3658 1251 3711; x_wconf 87' lang='lat' dir='ltr'><strong>cl.</strong></span> 
     </span>
     <span class='ocr_line' id='line_1_29' title="bbox 58 3740 383 3816; baseline 0.015 -21"><span class='ocrx_word' id='word_1_252' title='bbox 58 3744 93 3797; x_wconf 84' lang='lat' dir='ltr'><strong>Is.</strong></span> <span class='ocrx_word' id='word_1_253' title='bbox 115 3740 148 3796; x_wconf 89' lang='lat' dir='ltr'><strong>de</strong></span> <span class='ocrx_word' id='word_1_254' title='bbox 169 3747 234 3798; x_wconf 78' lang='lat' dir='ltr'><strong>iden.</strong></span> <span class='ocrx_word' id='word_1_255' title='bbox 252 3743 305 3801; x_wconf 88' lang='lat' dir='ltr'><strong>her.</strong></span> <span class='ocrx_word' id='word_1_256' title='bbox 326 3749 340 3816; x_wconf 69' lang='lat' dir='ltr'><strong>d</strong></span> <span class='ocrx_word' id='word_1_257' title='bbox 358 3750 383 3800; x_wconf 93' lang='lat'><strong>1.</strong></span> 
     </span>
    </p>

    <p class='ocr_par' dir='ltr' id='par_1_5' title="bbox 55 3831 1252 4080">
     <span class='ocr_line' id='line_1_30' title="bbox 94 3831 1252 3908; baseline 0.002 -24"><span class='ocrx_word' id='word_1_258' title='bbox 94 3833 127 3902; x_wconf 82' lang='lat'><strong>³)</strong></span> <span class='ocrx_word' id='word_1_259' title='bbox 152 3831 185 3886; x_wconf 90' lang='lat' dir='ltr'><strong>do</strong></span> <span class='ocrx_word' id='word_1_260' title='bbox 210 3834 301 3907; x_wconf 72' lang='lat' dir='ltr'><strong>Pyrrhi</strong></span> <span class='ocrx_word' id='word_1_261' title='bbox 327 3835 381 3888; x_wconf 77' lang='lat' dir='ltr'><strong>lter.</strong></span> <span class='ocrx_word' id='word_1_262' title='bbox 403 3855 427 3907; x_wconf 89' lang='lat' dir='ltr'><strong>p.</strong></span> <span class='ocrx_word' id='word_1_263' title='bbox 439 3839 487 3902; x_wconf 77' lang='lat' dir='ltr'><strong>tt,</strong></span> <span class='ocrx_word' id='word_1_264' title='bbox 508 3837 523 3904; x_wconf 68' lang='lat' dir='ltr'><strong>d</strong></span> <span class='ocrx_word' id='word_1_265' title='bbox 544 3839 592 3903; x_wconf 75' lang='lat'><strong>423</strong></span> <span class='ocrx_word' id='word_1_266' title='bbox 616 3835 648 3893; x_wconf 84' lang='lat' dir='ltr'><strong>el.</strong></span> <span class='ocrx_word' id='word_1_267' title='bbox 668 3855 692 3908; x_wconf 88' lang='lat' dir='ltr'><strong>p.</strong></span> <span class='ocrx_word' id='word_1_268' title='bbox 704 3839 753 3902; x_wconf 78' lang='lat' dir='ltr'><strong>ll,</strong></span> <span class='ocrx_word' id='word_1_269' title='bbox 771 3836 786 3903; x_wconf 82' lang='lat'>§</span> <span class='ocrx_word' id='word_1_270' title='bbox 806 3837 857 3900; x_wconf 78' lang='lat'><strong>683</strong></span> <span class='ocrx_word' id='word_1_271' title='bbox 877 3833 992 3888; x_wconf 72' lang='lat' dir='ltr'><strong>eiusdem</strong></span> <span class='ocrx_word' id='word_1_272' title='bbox 1009 3833 1072 3907; x_wconf 74' lang='lat' dir='ltr'><strong>legia</strong></span> <span class='ocrx_word' id='word_1_273' title='bbox 1091 3833 1252 3887; x_wconf 81' lang='lat' dir='ltr'><strong>mentionem</strong></span> 
     </span>
     <span class='ocr_line' id='line_1_31' title="bbox 55 3917 1251 4001; baseline 0.001 -26"><span class='ocrx_word' id='word_1_274' title='bbox 55 3917 160 3976; x_wconf 79' lang='lat' dir='ltr'><strong>faciunt</strong></span> <span class='ocrx_word' id='word_1_275' title='bbox 188 3921 260 3978; x_wconf 84' lang='lat' dir='ltr'><strong>Plut.</strong></span> <span class='ocrx_word' id='word_1_276' title='bbox 288 3923 340 3978; x_wconf 90' lang='lat' dir='ltr'><strong>Sol.</strong></span> <span class='ocrx_word' id='word_1_277' title='bbox 370 3926 419 3990; x_wconf 80' lang='lat'><strong>21,</strong></span> <span class='ocrx_word' id='word_1_278' title='bbox 449 3925 521 3976; x_wconf 74' lang='lat' dir='ltr'><strong>vem.</strong></span> <span class='ocrx_word' id='word_1_279' title='bbox 550 3923 607 3980; x_wconf 84' lang='lat' dir='ltr'><strong>adv.</strong></span> <span class='ocrx_word' id='word_1_280' title='bbox 624 3928 695 4001; x_wconf 85' lang='lat' dir='ltr'><strong>Lept.</strong></span> <span class='ocrx_word' id='word_1_281' title='bbox 716 3943 740 3997; x_wconf 91' lang='lat' dir='ltr'><strong>p.</strong></span> <span class='ocrx_word' id='word_1_282' title='bbox 752 3927 821 3989; x_wconf 78' lang='lat'>488,</span> <span class='ocrx_word' id='word_1_283' title='bbox 841 3925 855 3993; x_wconf 70' lang='lat' dir='ltr'><strong>d</strong></span> <span class='ocrx_word' id='word_1_284' title='bbox 878 3927 949 3991; x_wconf 79' lang='lat'>102,</span> <span class='ocrx_word' id='word_1_285' title='bbox 971 3927 1003 3977; x_wconf 85' lang='lat' dir='ltr'><strong>Is.</strong></span> <span class='ocrx_word' id='word_1_286' title='bbox 1023 3923 1054 3980; x_wconf 89' lang='lat' dir='ltr'><strong>de</strong></span> <span class='ocrx_word' id='word_1_287' title='bbox 1070 3920 1179 3997; x_wconf 74' lang='lat' dir='ltr'><strong>Astyph.</strong></span> <span class='ocrx_word' id='word_1_288' title='bbox 1198 3921 1251 3976; x_wconf 76' lang='lat' dir='ltr'><strong>lior.</strong></span> 
     </span>
     <span class='ocr_line' id='line_1_32' title="bbox 56 4010 242 4080; baseline 0.005 -18"><span class='ocrx_word' id='word_1_289' title='bbox 56 4027 81 4080; x_wconf 83' lang='lat' dir='ltr'><strong>p.</strong></span> <span class='ocrx_word' id='word_1_290' title='bbox 94 4010 144 4074; x_wconf 82' lang='lat' dir='ltr'><strong>er,</strong></span> <span class='ocrx_word' id='word_1_291' title='bbox 164 4011 179 4076; x_wconf 78' lang='lat' dir='ltr'><strong>o</strong></span> <span class='ocrx_word' id='word_1_292' title='bbox 196 4013 242 4063; x_wconf 85' lang='lat'><strong>13.</strong></span> 
     </span>
    </p>
   </div>
   <div class='ocr_carea' id='block_1_4' title="bbox 55 4097 1252 4570">
    <p class='ocr_par' dir='ltr' id='par_1_6' title="bbox 55 4097 1252 4570">
     <span class='ocr_line' id='line_1_33' title="bbox 94 4097 1252 4172; baseline -0.001 -25"><span class='ocrx_word' id='word_1_293' title='bbox 94 4097 124 4165; x_wconf 74' lang='grc'><strong>4)</strong></span> <span class='ocrx_word' id='word_1_294' title='bbox 145 4098 306 4170; x_wconf 70' lang='grc' dir='ltr'><strong>[οσῐησε11ι.]</strong></span> <span class='ocrx_word' id='word_1_295' title='bbox 324 4119 347 4154; x_wconf 81' lang='grc' dir='ltr'><strong>α,</strong></span> <span class='ocrx_word' id='word_1_296' title='bbox 366 4099 453 4172; x_wconf 85' lang='lat' dir='ltr'><strong>steph.</strong></span> <span class='ocrx_word' id='word_1_297' title='bbox 472 4104 512 4166; x_wconf 81' lang='lat' dir='ltr'><strong>ll,</strong></span> <span class='ocrx_word' id='word_1_298' title='bbox 533 4119 557 4172; x_wconf 89' lang='lat' dir='ltr'><strong>p.</strong></span> <span class='ocrx_word' id='word_1_299' title='bbox 569 4103 654 4166; x_wconf 81' lang='lat'><strong>1133,</strong></span> <span class='ocrx_word' id='word_1_300' title='bbox 675 4102 689 4168; x_wconf 55' lang='grc' dir='ltr'><strong><em>ᾗ</em></strong></span> <span class='ocrx_word' id='word_1_301' title='bbox 710 4103 760 4153; x_wconf 85' lang='lat' dir='ltr'><strong>tl:</strong></span> <span class='ocrx_word' id='word_1_302' title='bbox 782 4098 838 4149; x_wconf 84' lang='grc' dir='ltr'><strong><em>ὅσοι</em></strong></span> <span class='ocrx_word' id='word_1_303' title='bbox 855 4103 891 4164; x_wconf 83' lang='grc' dir='ltr'><strong>μὴ</strong></span> <span class='ocrx_word' id='word_1_304' title='bbox 910 4098 1169 4166; x_wconf 70' lang='grc' dir='ltr'><strong><em>ἔσεσοίηντο,ὥστε</em></strong></span> <span class='ocrx_word' id='word_1_305' title='bbox 1187 4099 1252 4163; x_wconf 66' lang='grc' dir='ltr'><strong>μήτ’</strong></span> 
     </span>
     <span class='ocr_line' id='line_1_34' title="bbox 56 4181 1252 4256; baseline 0.002 -23"><span class='ocrx_word' id='word_1_306' title='bbox 56 4181 190 4235; x_wconf 67' lang='grc' dir='ltr'><strong>ἀπειπεῖν</strong></span> <span class='ocrx_word' id='word_1_307' title='bbox 217 4189 282 4254; x_wconf 71' lang='grc' dir='ltr'><strong>μήτ’</strong></span> <span class='ocrx_word' id='word_1_308' title='bbox 310 4188 542 4253; x_wconf 69' lang='grc' dir='ltr'><strong><em>ἐπιδικάσασθαι,</em></strong></span> <span class='ocrx_word' id='word_1_309' title='bbox 562 4185 609 4236; x_wconf 81' lang='grc' dir='ltr'><strong>ὅτε</strong></span> <span class='ocrx_word' id='word_1_310' title='bbox 628 4187 723 4236; x_wconf 78' lang='grc' dir='ltr'><strong><em>Σόλων</em></strong></span> <span class='ocrx_word' id='word_1_311' title='bbox 742 4188 843 4251; x_wconf 71' lang='grc' dir='ltr'><strong><em>εἰσῄειν</em></strong></span> <span class='ocrx_word' id='word_1_312' title='bbox 862 4190 902 4244; x_wconf 72' lang='grc' dir='ltr'><strong>εἰς</strong></span> <span class='ocrx_word' id='word_1_313' title='bbox 920 4192 971 4253; x_wconf 82' lang='grc' dir='ltr'><strong>τὴν</strong></span> <span class='ocrx_word' id='word_1_314' title='bbox 988 4188 1091 4256; x_wconf 71' lang='grc' dir='ltr'><strong><em>ἀρχήν,</em></strong></span> <span class='ocrx_word' id='word_1_315' title='bbox 1112 4189 1146 4235; x_wconf 84' lang='grc' dir='ltr'><strong>τὰ</strong></span> <span class='ocrx_word' id='word_1_316' title='bbox 1163 4186 1252 4236; x_wconf 79' lang='grc' dir='ltr'><strong><em>αὑτοῦ</em></strong></span> 
     </span>
     <span class='ocr_line' id='line_1_35' title="bbox 58 4256 1252 4338; baseline 0.003 -24"><span class='ocrx_word' id='word_1_317' title='bbox 58 4265 220 4318; x_wconf 72' lang='grc' dir='ltr'><strong><em>διαθέσθαι</em></strong></span> <span class='ocrx_word' id='word_1_318' title='bbox 238 4261 326 4338; x_wconf 70' lang='grc' dir='ltr'><strong><em>εἶναι,</em></strong></span> <span class='ocrx_word' id='word_1_319' title='bbox 353 4269 422 4325; x_wconf 75' lang='grc' dir='ltr'><strong>ὅπως</strong></span> <span class='ocrx_word' id='word_1_320' title='bbox 438 4270 471 4318; x_wconf 76' lang='grc' dir='ltr'><strong>ἂν</strong></span> <span class='ocrx_word' id='word_1_321' title='bbox 491 4267 593 4334; x_wconf 69' lang='grc' dir='ltr'><strong>ἐθέλῃ,</strong></span> <span class='ocrx_word' id='word_1_322' title='bbox 611 4267 644 4317; x_wconf 74' lang='grc' dir='ltr'><strong>ἂν</strong></span> <span class='ocrx_word' id='word_1_323' title='bbox 661 4273 698 4334; x_wconf 77' lang='grc' dir='ltr'><strong>μὴ</strong></span> <span class='ocrx_word' id='word_1_324' title='bbox 716 4269 818 4326; x_wconf 64' lang='lat' dir='ltr'><strong>cordes</strong></span> <span class='ocrx_word' id='word_1_325' title='bbox 836 4256 882 4320; x_wconf 69' lang='lat' dir='ltr'><strong>elno</strong></span> <span class='ocrx_word' id='word_1_326' title='bbox 899 4273 1003 4335; x_wconf 65' lang='grc' dir='ltr'><strong><em>γνήσιοι</em></strong></span> <span class='ocrx_word' id='word_1_327' title='bbox 1023 4269 1147 4338; x_wconf 68' lang='grc' dir='ltr'><strong>ἄῤῥενσς,</strong></span> <span class='ocrx_word' id='word_1_328' title='bbox 1162 4270 1195 4318; x_wconf 84' lang='grc' dir='ltr'><strong>ἂν</strong></span> <span class='ocrx_word' id='word_1_329' title='bbox 1215 4273 1252 4334; x_wconf 84' lang='grc' dir='ltr'><strong>μὴ</strong></span> 
     </span>
     <span class='ocr_line' id='line_1_36' title="bbox 55 4347 1252 4421; baseline 0.003 -26"><span class='ocrx_word' id='word_1_330' title='bbox 55 4350 196 4415; x_wconf 80' lang='grc' dir='ltr'><strong><em>μανιῶνῆ</em></strong></span> <span class='ocrx_word' id='word_1_331' title='bbox 226 4356 311 4421; x_wconf 75' lang='grc' dir='ltr'><em>γήρως</em></span> <span class='ocrx_word' id='word_1_332' title='bbox 334 4354 351 4417; x_wconf 80' lang='grc' dir='ltr'><em>ἢ</em></span> <span class='ocrx_word' id='word_1_333' title='bbox 380 4351 526 4419; x_wconf 78' lang='grc' dir='ltr'><strong><em>φαρμάκων</em></strong></span> <span class='ocrx_word' id='word_1_334' title='bbox 554 4351 570 4413; x_wconf 79' lang='grc' dir='ltr'><em>ἢ</em></span> <span class='ocrx_word' id='word_1_335' title='bbox 596 4351 675 4400; x_wconf 77' lang='grc' dir='ltr'><strong><em>νόσου</em></strong></span> <span class='ocrx_word' id='word_1_336' title='bbox 702 4347 794 4403; x_wconf 74' lang='grc' dir='ltr'><strong><em>ἕνεκεν</em></strong></span> <span class='ocrx_word' id='word_1_337' title='bbox 819 4353 836 4417; x_wconf 77' lang='grc' dir='ltr'><em>ἢ</em></span> <span class='ocrx_word' id='word_1_338' title='bbox 858 4353 969 4417; x_wconf 67' lang='grc' dir='ltr'><strong><em>γυναικὶ</em></strong></span> <span class='ocrx_word' id='word_1_339' title='bbox 997 4350 1252 4416; x_wconf 75' lang='grc' dir='ltr'><strong>πιθόμενοςῆὁπὸ</strong></span> 
     </span>
     <span class='ocr_line' id='line_1_37' title="bbox 55 4431 1083 4502; baseline 0.011 -24"><span class='ocrx_word' id='word_1_340' title='bbox 55 4431 162 4481; x_wconf 74' lang='grc' dir='ltr'><strong><em>τούτων</em></strong></span> <span class='ocrx_word' id='word_1_341' title='bbox 182 4451 231 4482; x_wconf 82' lang='grc' dir='ltr'><strong>του</strong></span> <span class='ocrx_word' id='word_1_342' title='bbox 249 4435 394 4502; x_wconf 76' lang='grc' dir='ltr'><strong><em>παρανοῶν</em></strong></span> <span class='ocrx_word' id='word_1_343' title='bbox 412 4437 428 4498; x_wconf 82' lang='grc' dir='ltr'><strong><em>ἢ</em></strong></span> <span class='ocrx_word' id='word_1_344' title='bbox 448 4434 495 4485; x_wconf 78' lang='grc' dir='ltr'><strong>ὑπ’</strong></span> <span class='ocrx_word' id='word_1_345' title='bbox 516 4432 664 4500; x_wconf 80' lang='grc' dir='ltr'><strong><em>ἀνάγκηςῆ</em></strong></span> <span class='ocrx_word' id='word_1_346' title='bbox 685 4433 739 4484; x_wconf 76' lang='grc' dir='ltr'><strong>ὑπὸ</strong></span> <span class='ocrx_word' id='word_1_347' title='bbox 758 4435 861 4500; x_wconf 77' lang='grc' dir='ltr'><strong><em>δεσμοῦ</em></strong></span> <span class='ocrx_word' id='word_1_348' title='bbox 882 4435 1083 4501; x_wconf 70' lang='grc' dir='ltr'><strong>καταληφθείς.</strong></span> 
     </span>
     <span class='ocr_line' id='line_1_38' title="bbox 283 4523 1107 4570; baseline 0 -1"><span class='ocrx_word' id='word_1_349' title='bbox 283 4536 285 4540; x_wconf 89' lang='grc'><strong>“</strong></span> <span class='ocrx_word' id='word_1_350' title='bbox 1074 4523 1107 4570; x_wconf 88' lang='grc'><strong>11</strong></span> 
     </span>
    </p>
   </div>
   <div class='ocr_carea' id='block_1_5' title="bbox 0 0 1426 5018">
    <p class='ocr_par' dir='ltr' id='par_1_7' title="bbox 0 0 1426 5018">
     <span class='ocr_line' id='line_1_39' title="bbox 0 0 1426 5018; baseline 0 2"><span class='ocrx_word' id='word_1_351' title='bbox 0 0 1426 5018; x_wconf 95' lang='lat' dir='ltr'><strong> </strong></span> 
     </span>
    </p>
   </div>
  </div>
 </body>
</html>
