2842 5018
705 224 791 343 ¹no

161 458 287 527 tabulas
319 479 382 525 uon
404 437 569 546 potuisse,
601 459 664 525 nisi
688 460 745 544 qui
767 457 932 545 phratriae
956 457 1038 525 libro
1062 460 1210 547 inscripti
1234 470 1354 530 essent.
1400 534 1404 539 ,

160 579 297 646 Frustra
328 581 497 665 quaeritur
528 585 639 646 utrum
663 578 723 644 hac
746 580 913 646 occasione
938 580 1139 666 inquisitum·
1155 581 1199 647 sit
1222 581 1257 647 in
1282 598 1356 648 eor·

160 700 248 786 poris
268 708 312 781 Ket
343 700 443 766 animi
475 698 645 767 facultates
678 699 748 765 eius
779 700 835 784 qui
866 699 1092 767 inscribendus
1126 709 1211 767 esset
1244 720 1356 768 necne.

159 818 343 885 Verisimile
381 818 511 884 videtur
545 817 677 904 probato
712 820 897 885 testimonio
933 818 1221 886 demonstrandum
1257 818 1357 888 luisse

160 956 278 1005 nomen
308 939 341 1004 in
372 938 538 1026 phratriae
567 937 676 1004 album
706 936 846 1004 relatum
873 957 960 1016 esse,
985 946 1017 1004 et
1040 946 1166 1005 constat
1188 938 1357 1026 adoptato,

161 1057 219 1142 qui
240 1064 365 1143 peteret
386 1066 424 1122 ut
447 1056 693 1133 inscriberetur,
717 1055 963 1143 exspectandam
987 1055 1088 1124 luisse
1111 1056 1258 1125 indicum
1284 1077 1357 1126 sen·

159 1178 314 1252 tentiam,
337 1176 364 1242 si
388 1176 461 1262 quis
483 1175 691 1243 contenderet
709 1194 780 1242 eam
801 1174 1006 1263 adoptionem
1026 1184 1130 1243 ratam
1152 1196 1217 1244 non
1236 1197 1309 1245 esse
1321 1178 1356 1268 ¹).

159 1295 271 1382 Ipsum
295 1314 511 1381 vcrocorpus
533 1296 756 1361 unianimam
781 1295 852 1361 eius
880 1297 937 1381 qui
966 1294 1217 1375 inscriberetur,
1237 1298 1357 1364 exami-

161 1422 276 1481 natum
303 1413 403 1482 luisse
424 1413 512 1480 nullo
533 1415 651 1480 nititur
670 1422 863 1499 argumento
886 1415 949 1480 nisi
974 1415 1044 1502 ipsa
1067 1415 1157 1484 verbi
1184 1415 1359 1498 δοκιμάζειν

162 1533 449 1622 significationen.

207 1654 275 1720 Iam
311 1653 478 1719 videamus
512 1652 552 1719 de
587 1655 702 1719 aetatis
735 1672 820 1719 anno
853 1673 915 1739 quo
947 1653 1160 1722 Athenienses
1192 1657 1244 1723 sui
1274 1656 1357 1723 iuris

161 1772 288 1841 fierent.
334 1772 435 1839 blulta
470 1771 530 1838 bac
561 1771 601 1838 de
632 1773 850 1842 controversia
872 1774 938 1839 iam
963 1772 1128 1860 disputata
1152 1774 1283 1864 sunt⁸);
1306 1782 1365 1840 at·.

161 1901 271 1958 tamen
300 1911 353 1957 res
385 1889 557 1957 admodum
589 1892 760 1977 perspicua
793 1899 862 1968 est,
895 1892 1072 1960 sitantum
1098 1901 1357 1962 reeteveterum

159 2011 356 2079 testimoniis
377 2012 492 2076 utaris.
540 2009 619 2076 Cum
644 2018 753 2077 autem
777 2011 937 2097 adoptati,
962 2014 990 2078 si
1011 2013 1193 2100 adoptionis
1212 2021 1359 2100 tempore

159 2134 226 2198 iam
250 2130 416 2198 consecuti
438 2136 547 2197 essent
569 2137 707 2196 aetatem
731 2148 818 2207 eam,
842 2149 906 2216 qua
931 2131 1098 2217 perleges
1121 2132 1259 2198 inscribi
1284 2153 1359 2220 pos·

160 2261 249 2329 sent,
284 2269 382 2336 quam
414 2249 558 2335 primum
593 2248 626 2313 in
661 2247 872 2315 lexiarcbicas
904 2249 1032 2316 tabulas
1063 2250 1301 2319 inducerentur
1312 2252 1358 2341 ⁴),

161 2368 253 2435 nobis
275 2376 402 2435 tantum
426 2364 655 2453 inquirendum
681 2374 748 2443 est,
770 2387 832 2452 quo
855 2370 971 2434 aetatis
990 2386 1074 2435 anno
1094 2371 1228 2456 genuini
1248 2379 1281 2438 et
1302 2371 1358 2458 qui

161 2498 236 2555 ante
257 2487 343 2554 hune
367 2505 490 2552 annum
512 2485 654 2571 adoptati
677 2494 784 2551 essent
808 2487 957 2573 inscripti
982 2486 1114 2556 luerint.

206 2607 310 2693 Vulgo
333 2605 479 2673 creditur
500 2603 625 2671 nullum
650 2604 748 2672 buius
771 2606 820 2672 rei
841 2607 1063 2674 testimoninm
1085 2615 1233 2687 exstare,
1251 2629 1360 2696 gram·

159 2730 420 2812 maticorumque
451 2725 576 2791 somnia
609 2724 688 2791 viris
718 2724 823 2792 doctis
854 2725 995 2813 amplam
1028 2727 1216 2814 disputandi
1241 2748 1360 2797 ansam

158 2846 395 2936 praebuerunt;
426 2844 509 2911 banc
537 2853 645 2911 autom
678 2843 906 2931 disputationis
936 2853 1061 2932 partem
1086 2867 1105 2913 a
1129 2850 1360 2933 grammatico·

159 2987 233 3034 rum
258 2967 453 3034 testimoniis
476 2964 648 3051 incipiam,
677 2965 754 3050 quia
778 2962 874 3031 effata
898 2964 1020 3033 diserta
1040 2967 1185 3053 ipsorum
1209 2976 1359 3035 veterum

159 3109 223 3156 non
244 3097 386 3161 exstant;
409 3087 538 3171 cognita
559 3085 661 3170 igitur
685 3084 813 3151 illorum
838 3088 998 3152 sententia
1023 3088 1157 3174 ancipiti
1182 3087 1358 3156 videndum

159 3210 240 3286 erit,
265 3208 331 3274 utri
355 3207 535 3272 sententiae
560 3204 675 3272 borum
699 3206 886 3272 testimonia
910 3209 1115 3275 conveniant.

206 3329 315 3392 Primo
346 3325 499 3411 inspicias
524 3323 787 3411 lexicographum
811 3327 844 3391 in
869 3327 1006 3394 Beltliori
1030 3326 1141 3394 anecd.
1166 3346 1216 3412 gr.
1232 3331 1278 3417 ⁵),
1303 3329 1359 3415 qui

159 3448 239 3514 haec
271 3445 378 3511 docet:
413 3445 462 3510 tri
495 3446 590 3519 iamir
623 3445 758 3522 idione:
791 3446 813 3511 i.
838 3465 865 3512 e.
898 3445 1201 3531 duodeviginti
1226 3466 1364 3513 annos·

159 3575 300 3634 natum
324 3584 433 3640 esse;
459 3583 550 3631 cnm
577 3564 687 3629 enim
711 3565 773 3644 ἥβη
798 3565 857 3632 sit
878 3572 998 3632 aetas
1021 3564 1358 3653 sedecimanno·

194 3802 224 3870 1)
243 3798 263 3853 l.
282 3797 300 3851 1.
321 3798 444 3869 ρ.1693,
464 3797 479 3864 §
500 3797 551 3860 403
572 3792 604 3847 cf.
625 3813 649 3866 p.
661 3798 712 3862 97,
732 3814 757 3882 n.
779 3801 805 3849 1.

195 3891 225 3958 2)
243 3887 421 3952 salamana,
443 3892 497 3937 ant.
517 3881 568 3935 inr.
588 3883 662 3956 publ.
678 3887 721 3937 Gr.
738 3903 763 3956 p.
774 3885 843 3950 1983
859 3883 944 3953 Belle,
963 3885 1042 3941 rahel.
1053 3885 1178 3960 bppomn.
1188 3891 1242 3956 ΙΙΙ,
1253 3909 1278 3962 p.
1291 3893 1354 3944 859.

194 3981 225 4048 3)
244 3975 303 4029 vide
321 3973 452 4028 rariorum
468 3970 610 4026 sententias
627 3970 656 4024 in
675 3970 805 4026 Sebacleri
823 3971 842 4025 l.
863 3971 881 4024 1.
902 3976 960 4040 ΙΙΙ,
976 3977 1010 4042 2,
1029 3977 1082 4043 193
1097 3974 1130 4030 cf.
1146 3995 1251 4050 qaoque
1270 3976 1355 4046 nabe,

157 4065 211 4120 sch.
230 4065 291 4139 hyp.
311 4067 367 4130 ΙΙΙ,
386 4082 410 4136 p.
421 4065 476 4115 355
499 4079 553 4136 sqq.
578 4070 606 4113 et
624 4078 691 4133 quae
710 4079 794 4134 nuper
811 4060 962 4134 conscripsit
980 4065 1023 4116 W.
1042 4062 1226 4137 Dittenberger
1245 4066 1273 4120 in
1293 4066 1354 4123 diss.

158 4154 192 4207 de
207 4152 310 4227 ephebis
330 4150 431 4217 atticis,
448 4151 533 4204 Goctt.
555 4151 644 4216 1863,
656 4153 709 4221 p.8
727 4168 781 4225 sqq.
821 4153 856 4204 llle
874 4160 931 4206 acta
947 4169 1022 4225 agere
1041 4151 1129 4208 ridear
1139 4152 1262 4210 lectorem
1272 4155 1357 4209 etiam

157 4252 237 4319 atque
259 4242 338 4297 etiam
359 4249 480 4315 rogatam
501 4238 579 4295 velim
600 4237 866 4307 coanimadvertcre,
886 4242 1355 4318 quacrnpra(p.111,n.3)scripoi.

195 4335 225 4403 l)
245 4349 266 4385 c.
285 4350 309 4402 g.
330 4335 362 4385 la.
382 4329 415 4385 de
430 4333 494 4385 lien.
516 4327 570 4383 lor.
589 4329 605 4396 d
626 4330 675 4397 ΙΙ,
693 4327 725 4384 de
744 4328 829 4404 Apoll.
846 4328 899 4386 her.
911 4333 962 4400 66,
983 4331 1000 4399 §
1019 4334 1065 4387 27.

192 4424 223 4494 b)
242 4439 266 4494 p.
276 4422 340 4474 255.
