2842 5018
691 264 752 332 '174

119 457 312 542 quingentas
342 459 538 519 censuerunt
565 449 807 539 inferendas¹);
833 451 1055 518 tutoribus
1080 451 1222 536 igitur
1245 468 1318 538 pro

118 572 302 660 pupillis
321 593 366 639 ex
387 572 529 638 horum
551 573 790 658 patrimonio
810 572 961 637 tributa
984 571 1170 638 solvenda
1192 579 1317 638 erant.

119 694 320 779 Turpissime
350 702 459 759 autem
489 693 714 759 Demosthenis
748 700 868 759 tutores
895 696 964 758 eius
995 712 1071 778 opes
1095 698 1266 776 gesserant
1286 702 1318 759 et

117 811 381 897 indignabundus
403 812 456 879 hic
480 812 638 878 exclamat
652 811 695 899 ²):
721 831 781 876 »an
801 831 877 879 vero
897 831 961 877 non
981 814 1125 896 graviter
1140 810 1316 878 ferendum

117 942 166 998 cst
196 931 333 999 aliorum
365 951 416 998 res
447 931 622 998 familiares
656 931 704 996 vel
736 933 833 998 unius
864 931 913 998 vel
942 931 1092 998 hinorum
1118 931 1316 998 talentorum

117 1051 247 1118 relictas
271 1051 549 1139 elocationei)
575 1051 718 1137 duplices
742 1049 844 1117 factas
868 1070 937 1118 esse
957 1059 989 1117 ct
1011 1051 1168 1138 triplices,
1194 1052 1317 1117 utiam

117 1170 403 1258 munerapuhlica
427 1171 526 1237 velint
549 1171 657 1250 chire,
681 1191 786 1238 nicam
811 1191 885 1239 vero
910 1173 1076 1238 triremem
1099 1173 1265 1237 instruere
1285 1181 1316 1237 et

117 1309 235 1376 magna
266 1292 387 1358 tributa
418 1291 557 1378 pendere
586 1291 714 1358 solitam
747 1300 876 1378 propter
908 1293 1045 1358 istorum
1077 1290 1315 1377 impudentiam

117 1429 157 1476 ne
178 1412 313 1493 minima
333 1412 461 1497 quidem
483 1431 575 1498 posse
595 1411 773 1478 sustinere?
795 1411 873 1497 quid
892 1410 1021 1478 tandem
1035 1410 1099 1476 dici
1112 1419 1218 1497 potest
1232 1409 1316 1497 quod

116 1531 312 1597 intentatum
333 1531 387 1596 isti
408 1530 628 1618 reliquerunt?
652 1533 707 1616 qui
731 1539 960 1597 testamentum
982 1530 1203 1608 sustulerunt,
1220 1532 1314 1617 quasi

117 1650 186 1718 lieri
209 1661 313 1738 posset
338 1658 374 1717 ut
396 1650 551 1727 laterent,
575 1659 608 1716 et
627 1670 719 1716 suam
740 1652 881 1736 ipsorum
903 1670 971 1719 rem
991 1650 1187 1718 familiarem
1206 1651 1312 1716 usuris

116 1770 424 1838 administraverunt
455 1779 487 1836 et
511 1772 562 1836 sui
586 1771 772 1858 patrimonii
795 1778 915 1838 sortem
940 1771 979 1837 de
1002 1790 1074 1838 meo
1098 1769 1309 1857 locupletare·

115 1897 212 1970 runt,
233 1910 322 1956 meae
346 1897 454 1956 autem
477 1889 526 1955 rei
550 1888 736 1968 familiaris,
759 1898 925 1977 tamquam
950 1893 1087 1958 summis
1109 1911 1129 1956 a
1152 1889 1244 1956 nohis
1266 1889 1313 1956 al·

114 2008 191 2076 fecti
227 2009 374 2088 iniuriis,
410 2018 528 2076 sortem
566 2017 667 2076 totam
703 2011 939 2078 sustulerunt.'’
994 2012 1187 2078 Rectissime
1221 2011 1316 2096 qtteri

113 2138 240 2217 poterat
252 2129 278 2217 ⁴)
300 2128 405 2195 nullos
426 2149 581 2216 umquam
601 2138 726 2197 tutores
748 2131 795 2197 vel
812 2131 1034 2218 impudentius
1047 2130 1096 2198 vel
1109 2129 1317 2198 manifestius

115 2269 185 2316 rem
209 2249 407 2336 pupillorum
431 2248 604 2336 diripuisse
628 2249 731 2316 videri
755 2270 853 2336 quam
879 2253 956 2317 istos
981 2270 1049 2318 sua.

157 2368 430 2447 Elccatione,
461 2369 513 2434 hd
537 2369 571 2435 τὸ
594 2372 794 2448 μισθωθῆναι,
819 2370 1049 2438 Demosthenes
1071 2370 1152 2437 dicit
1176 2370 1314 2438 aliorum

113 2508 165 2555 res
198 2486 373 2554 familiares
406 2486 549 2575 duplices
581 2497 637 2554 aut
660 2489 804 2575 triplices
828 2489 929 2556 factas
952 2509 1030 2558 esse.
1078 2490 1203 2578 Duplex
1228 2491 1314 2558 enim

112 2607 247 2674 Athenis
268 2607 380 2674 modus
400 2617 472 2675 erat
491 2608 626 2675 curandi
648 2608 761 2696 pnpilli
780 2611 983 2696 patrimonii:
1005 2619 1078 2677 aut
1099 2620 1211 2677 tutor
1231 2612 1313 2698 ipse

112 2728 224 2795 illud
267 2728 604 2797 administrabat
639 2738 712 2796 aut
746 2736 882 2797 totum
918 2724 1311 2797 administrandum

112 2847 326 2928 elocahat,
346 2869 409 2935 quc
429 2848 466 2915 fit
484 2858 521 2917 ut
540 2849 620 2916 haec
640 2850 716 2917 hina
737 2849 829 2917 nohis
848 2851 1000 2938 deinceps
1020 2851 1085 2918 sint
1104 2848 1311 2937 exploranda.

236 3091 274 3156 Α.
308 3089 360 3156 lle
384 3088 544 3176 pupilli
568 3091 835 3176 patrimonio
860 3089 906 3155 ah
931 3090 1023 3176 ipso
1046 3097 1192 3157 tutore

553 3208 869 3276 administrato.

157 3451 224 3517 lam
259 3451 293 3516 in
322 3450 548 3537 antiquissima
573 3450 767 3516 Graecorum
792 3450 879 3536 poesi
905 3449 1042 3516 alicuius
1066 3470 1117 3517 res
1140 3450 1310 3520 familiaris

110 3566 188 3643 οἶκος
213 3568 346 3637 dicitnr.
395 3570 512 3637 Hector
536 3589 610 3637 cum
637 3570 791 3636 Troianos
815 3569 1006 3635 adhortatur
1028 3569 1156 3637 fortiter
1177 3591 1236 3658 pro
1256 3592 1309 3661 pa·

148 3813 177 3881 l)
206 3829 227 3863 c.
258 3810 358 3884 Aphob.
389 3816 415 3879 Ι,
444 3815 548 3885 p.815‚
579 3813 593 3880 h
624 3815 656 3881 7,
685 3812 716 3867 cl.
747 3816 786 3882 ΙΙ,
811 3832 835 3886 p.
856 3816 924 3880 836,
945 3814 960 3883 §
981 3817 1011 3881 43
1031 3813 1063 3867 de
1082 3814 1135 3887 ipsc
1154 3813 1309 3872 tributocf.

109 3896 229 3965 Boeckh,
258 3899 301 3953 die
330 3899 436 3955 staetsh.
466 3899 513 3954 der
541 3901 602 3955 ath.
623 3906 649 3968 l,
673 3922 697 3975 p.
710 3905 763 3955 667
790 3919 844 3976 sqq.
883 3901 1036 3976 Ceteroqain
1057 3902 1104 3955 hoc
1125 3903 1235 3957 unicum
1255 3912 1310 3958 erat

110 3984 263 4054 tributum,
290 3987 358 4062 qnod
379 3989 486 4062 pupillis
507 3989 660 4046 solvendum
679 4000 751 4059 crat,
771 4010 832 4045 nam
851 3993 921 4066 (hys.
940 4009 962 4044 c.
983 3991 1079 4065 ningit.
1099 4011 1123 4064 p.
1135 3994 1203 4060 908,
1225 3994 1240 4063 §
1260 3995 1310 4063 24)

108 4082 137 4128 et
163 4093 208 4146 per
236 4093 314 4130 omne
342 4076 442 4132 tutelae
470 4088 574 4154 tempus
604 4090 749 4138 eternum
771 4089 827 4153 post
845 4098 903 4137 eam
922 4077 1028 4136 finitam
1045 4079 1116 4135 omni
1135 4079 1309 4154 liturgiarum

108 4180 202 4235 genere
221 4163 352 4219 immunes
373 4176 456 4221 erant.
794 4167 797 4172 ’

145 4254 177 4322 2)
196 4255 222 4318 1,
246 4272 270 4324 p.
281 4256 349 4323 833,
370 4257 385 4325 ᾗ
406 4260 449 4310 ct.

148 4342 177 4409 3)
199 4339 295 4390 διὰτὸ
313 4346 499 4410 μισθωθῆναι,

147 4432 382 4504 υμΜῆᾗὶ
