2842 5018
707 297 769 360 163

137 476 273 543 consilio
313 476 373 542 hcc
403 477 516 544 lecerit
546 497 643 564 quam
677 489 713 544 ut
743 479 833 545 illum
866 497 1004 564 puerum
1037 476 1202 543 archontis
1232 495 1331 543 curae

139 596 309 664 mundaret
332 617 394 664 nou
419 597 521 665 video.
568 601 672 684 lgitur
696 608 768 685 post
791 605 929 665 mortem
952 598 1055 684 patris
1077 596 1118 664 etl
1140 595 1329 664 arcltcutem

137 718 269 784 nomine
301 717 477 785 lihercrum
505 716 676 785 deserenda
701 717 801 784 luisse
823 716 988 794 videntur,
1014 725 1051 782 ut
1074 717 1171 783 sciret
1195 717 1329 804 quinum

136 838 283 924 putribus
306 839 376 905 orbi
398 855 476 906 suae
495 858 592 905 curae
613 836 757 904 mandati
777 846 894 904 esseut.
941 837 1100 904 Primarie
1119 843 1227 903 eutem
1248 855 1327 903 cura

131 968 206 1025 erut
227 965 351 1025 tutores
374 959 466 1037 clare,
490 960 517 1024 si
542 959 575 1024 in
597 966 789 1024 testamento
808 977 871 1024 non
892 958 1002 1044 scripti
1024 965 1141 1024 essent.
1187 957 1235 1023 lix
1257 958 1328 1024 iure

135 1077 276 1144 naturali
299 1087 406 1144 autem
432 1079 584 1163 consequi
607 1077 735 1143 videtur
757 1078 862 1164 primo
885 1077 953 1144 lccc
977 1085 1100 1144 tutores
1120 1096 1189 1142 esse
1211 1075 1328 1144 dehere

132 1216 188 1265 eos
212 1201 268 1286 qui
292 1198 412 1286 pupillo
438 1206 565 1264 mortuo
587 1197 794 1283 probabiliter
819 1199 852 1261 iu
876 1198 948 1263 eius
969 1196 1179 1263 hereditatem
1200 1216 1326 1263 succes·

132 1319 202 1388 suri
233 1321 314 1394 siut;
343 1318 397 1385 ubi
422 1318 509 1384 cuim
533 1317 747 1383 successionis
769 1315 1023 1382 emolumentum
1046 1323 1114 1394 est,
1137 1315 1182 1381 ibi
1205 1317 1323 1383 tutelae

130 1447 213 1505 onus
244 1458 315 1506 essc
337 1437 441 1506 dehet.
489 1439 594 1523 Atque
618 1454 729 1504 revera
754 1444 883 1504 exstant
904 1435 990 1523 apud
1010 1445 1135 1503 veteres
1158 1436 1324 1525 complura

130 1560 266 1645 vestigia
289 1558 424 1625 tutelam
449 1558 483 1622 in
507 1558 622 1644 primis
643 1559 848 1623 commissam
872 1556 971 1622 luisse
991 1556 1146 1642 proximis
1163 1558 1322 1642 cognatis:

130 1679 344 1764 huneogenes
376 1685 465 1745 tutet·
495 1684 567 1744 etat
592 1677 761 1756 reperere
784 1678 823 1743 ὢν
847 1676 953 1756 piccus
967 1676 1012 1764 ι);
1036 1675 1069 1741 iu
1093 1674 1157 1742 clia
1179 1677 1324 1743 oratione

130 1799 243 1866 Diniae
273 1797 404 1884 quidam
436 1798 581 1863 occurrit
613 1805 749 1882 patruus
781 1795 976 1884 pupillorum
990 1796 1029 1881 ²).
1077 1794 1147 1860 Alia
1177 1795 1323 1882 exemplu

133 1923 361 2002 cognotorum,
391 1917 419 1984 si
451 1932 514 1983 non
547 1913 766 2002 proximorum
798 1923 1026 2000 cognatorum,
1055 1914 1265 1981 inveniuntur
1288 1915 1321 2003 in

130 2035 248 2123 Lysiae
267 2035 479 2104 orationibus:
505 2036 745 2122 llicgitcnem³)
770 2034 871 2100 irater
891 2032 1045 2099 thctus
1070 2052 1126 2119 per
1149 2041 1322 2124 testamen·

130 2162 202 2221 tum
234 2156 408 2242 scripserat
434 2163 574 2222 tutorem
600 2172 732 2221 sucrum
756 2153 931 2220 liberorum
956 2161 988 2219 et
1012 2151 1223 2241 Pantalecn⁴)
1249 2155 1321 2239 qui·

127 2273 203 2340 clam
228 2281 317 2341 tutor
339 2274 478 2341 fratrum
504 2283 581 2340 natu
606 2275 768 2342 minorum
791 2275 946 2340 occurrit.
1302 2352 1304 2357 ,

172 2394 244 2460 litei
272 2395 397 2461 auctori
428 2396 612 2479 argumenti
636 2395 791 2460 orationis
814 2392 855 2459 dc
877 2390 1058 2458 Aristarchi
1082 2389 1261 2460 hereditate
1273 2393 1318 2482 ⁶),

124 2515 153 2580 si
176 2513 302 2581 scilicet
324 2530 425 2601 aeque
445 2522 554 2602 stupet
572 2516 605 2580 in
626 2516 696 2581 iure
716 2522 813 2600 atque
833 2514 866 2579 in
888 2532 1035 2578 sermone
1054 2512 1154 2578 attico
1167 2513 1210 2601 ⁰),
1229 2514 1317 2581 nulla

124 2633 204 2701 tides
238 2632 384 2700 hubcuda
419 2653 490 2701 esse
524 2633 670 2702 videntur
705 2633 825 2699 dicenti
860 2638 931 2719 post
965 2637 1101 2697 mortem
1136 2631 1316 2700 Aristarchi

124 2754 361 2821 Aristomenem
393 2753 528 2822 iratrem
559 2755 631 2822 cius
663 2751 898 2820 secundum
921 2751 1056 2837 legem
1080 2756 1220 2818 tutorem
1244 2754 1315 2821 eius

121 2873 300 2941 liberorum
318 2872 440 2940 iactum
462 2894 546 2952 esse,
567 2874 720 2961 pervelim
741 2883 850 2940 tamen
869 2872 898 2938 ci
918 2870 1006 2938 credi
1026 2889 1134 2956 posse,
1151 2891 1227 2938 uam
1244 2881 1313 2940 tum

121 2994 339 3061 controversie
368 2992 479 3059 tlirimi
511 2995 611 3079 possit
642 3003 674 3060 et
696 2994 795 3060 statui
826 2991 928 3078 legem
962 2991 1092 3056 iussisse
1124 2989 1310 3059 archontem

123 3171 325 3192 ω

156 3292 186 3364 1)
207 3295 238 3345 ls.
258 3285 291 3344 <ie
309 3289 422 3363 Dicaeog.
442 3289 496 3344 her.
518 3311 540 3362 p.
553 3289 603 3353 51,
624 3292 639 3359 h
661 3294 702 3345 1⁰.

108 3394 112 3400 '
155 3379 239 3452 2)(16
256 3377 342 3433 Cleon.
362 3378 414 3432 ber.
435 3382 521 3452 pali,
540 3381 557 3448 9
575 3382 601 3433 9.

155 3472 188 3540 tt)
206 3473 264 3542 hys,
282 3487 304 3522 c.
325 3469 419 3541 Diogit.
439 3471 543 3542 pecc,
563 3470 577 3538 h
596 3473 622 3522 5.

155 3559 184 3628 A)
205 3557 242 3612 ld.
261 3575 283 3612 c.
298 3557 422 3611 Theomn.
443 3561 469 3624 l,
489 3560 592 3629 p.11c·‚
612 3557 627 3626 ᾗ
649 3560 678 3624 5,
698 3555 744 3630 qui
764 3564 837 3609 tutor
854 3565 933 3630 quarn
953 3555 986 3609 cb
1002 3565 1104 3611 cnutum
1119 3554 1308 3630 Pictnerc(der

116 3664 184 3721 proc.
210 3649 253 3713 lt,
281 3666 304 3718 p
329 3649 396 3716 utu)
427 3645 529 3698 videtur
565 3663 615 3698 non
644 3643 756 3717 potuisse
784 3661 837 3698 esse
864 3644 1074 3698 testamentarius
1102 3661 1154 3697 nen
1181 3643 1307 3722 intelligo.

115 3734 187 3788 Dicit
204 3742 293 3789 entem
313 3743 426 3807 petrem,
445 3733 489 3788 cui
507 3741 593 3788 trecht
612 3731 690 3786 liberi
708 3732 762 3786 iam
779 3732 828 3806 ipsi
844 3732 886 3786 rui
905 3731 983 3800 iuris,
1001 3741 1191 3788 testemonium
1199 3735 1308 3792 condere

114 3823 263 3896 saepissime
284 3822 432 3896 neglexisse.
469 3821 520 3876 Sed
547 3821 568 3875 ci
592 3821 650 3895 quis
670 3819 735 3895 quid
755 3819 838 3875 iacere
856 3821 980 3894 negligit,
997 3821 1017 3875 ie
1037 3831 1169 3894 propterea
1187 3823 1239 3877 dici
1255 3845 1307 3880 non

112 3919 198 3986 potest
226 3911 254 3965 id
282 3910 365 3966 fecere
390 3929 440 3964 nou
465 3910 586 3984 potuisse.
626 3913 757 3964 Praeterea
785 3909 893 3982 cogitari
919 3918 1003 3981 potest
1030 3918 1232 3976 testamentum,
1254 3933 1306 3986 quc

111 4009 186 4074 puter
204 4019 256 4053 non
276 4000 309 4053 de
327 3999 423 4074 opibus
445 3999 567 4067 mundat,
588 3997 631 4052 sed
649 3998 768 4052 universe
786 3997 818 4051 de
836 3998 867 4050 iis
886 4016 953 4071 quac
968 4006 1024 4072 post
1046 4007 1156 4052 mortem
1176 4017 1250 4055 suum
1268 4001 1306 4057 fa·

109 4099 154 4145 cte
175 4089 254 4156 velit3
273 4091 309 4143 sic
326 4108 347 4144 e.
359 4109 383 4162 g.
405 4088 582 4143 Demosthenis
601 4098 687 4161 peter,
703 4087 746 4141 cui
763 4095 821 4139 eret
836 4085 926 4153 iilius,
936 4095 1125 4139 testamentum
1136 4081 1245 4162 reliquit
1255 4108 1305 4144 non

110 4161 144 4232 tle
157 4176 264 4252 opibus,
284 4177 389 4232 ocinum
409 4177 456 4233 hoe
475 4177 643 4244 obvenirent,
662 4177 686 4230 ei
705 4174 779 4228 iilius
798 4173 914 4228 noudum
932 4174 973 4248 siri
997 4173 1063 4227 iuris
1081 4173 1166 4230 lactus
1185 4187 1305 4233 mortuus

110 4275 193 4334 esset,
211 4265 255 4320 sed
274 4266 309 4320 de
323 4265 456 4321 tutoribus
475 4276 501 4320 et
520 4267 552 4320 de
571 4265 631 4320 dote
647 4263 733 4318 uxoris
751 4272 778 4316 et
794 4260 873 4317 filiae.
1197 4255 1200 4260 “

149 4356 181 4422 tt)
199 4357 232 4408 ls.
253 4357 324 4427 peili
343 4354 400 4408 init.
1281 4422 1286 4434 ι

149 4443 182 4512 6)
200 4447 363 4514 Argumento
385 4442 437 4496 sint
457 4440 601 4499 locutiones
621 4440 692 4493 κατὰ
709 4437 821 4516 μητέραι
833 4437 944 4517 cicccc
963 4445 989 4492 ct
1010 4437 1165 4500 recitares.
