2842 5018
720 321 781 382 tta

154 503 258 579 tibus,
282 503 311 569 si
334 503 375 569 iis
398 508 562 579 carerent,
586 502 691 588 iisque
715 501 800 568 uude
824 500 856 566 hi
880 501 1037 586 originem
1060 498 1240 574 ducebant;
1263 498 1357 585 quod¹

152 621 215 689 alio
238 622 306 688 loco
329 640 455 707 quoque
478 620 680 688 demonstrat
702 620 786 687 idem
810 620 977 706 orator¹):
1005 637 1139 685 »verum
1164 637 1230 685 non
1254 617 1361 685 modo

152 762 191 808 cx
224 741 284 808 bac
315 739 382 806 sola
412 740 498 826 lege,
531 740 586 808 sed
617 741 715 806 etiam
746 759 784 806 ex
816 739 869 804 itta
893 757 975 825 quae
998 739 1038 806 de
1060 738 1173 807 liberis
1196 745 1361 824 parentes

151 860 234 928 male
269 859 461 928 habentibus
494 868 544 926 est
578 859 637 925 boc
673 858 709 924 fir
743 858 886 944 pianum.
941 859 1028 924 Avus
1058 859 1146 924 enim
1180 860 1208 925 si
1242 856 1354 925 adbuc

151 988 315 1067 superstes
335 987 421 1046 osset
444 987 477 1045 et
501 981 728 1046 necessitatum
752 980 836 1044 vitae
859 998 957 1064 egens
981 979 1117 1056 vireret,
1140 997 1206 1044 non
1233 977 1289 1044 bic
1314 997 1353 1044 ex

150 1100 210 1165 boc
241 1100 336 1166 titulo
366 1101 512 1164 accusari
544 1105 670 1184 posset,
699 1098 754 1164 sed
779 1118 836 1164 uos
861 1118 1044 1184 possemus:
1068 1099 1214 1164 sancit
1239 1098 1352 1164 enim

149 1219 215 1285 lex
239 1226 442 1305 parentes
466 1217 615 1284 liberis
638 1218 811 1283 alendos
832 1238 941 1291 esse;
965 1226 1043 1284 sunt
1062 1225 1172 1283 autem
1196 1224 1351 1302 parentes

149 1347 241 1424 pater
272 1345 304 1403 et
335 1346 439 1403 mater
470 1345 502 1403 et
535 1357 614 1403 avus
637 1357 713 1404 oum
737 1339 809 1404 avie
832 1345 864 1404 et
887 1337 1003 1403 horum
1027 1339 1105 1404 item
1130 1344 1225 1423 pater
1249 1344 1350 1422 atque

149 1463 273 1536 mater,
295 1457 323 1522 si
346 1456 451 1523 adbuc
475 1466 667 1543 supersunt:
692 1456 726 1522 bi
751 1457 837 1523 enim
860 1464 937 1522 sunt
959 1457 1157 1543 principium
1179 1456 1297 1542 stirpis
1319 1465 1351 1522 et

148 1551 260 1643 eorum
280 1574 363 1641 bona
384 1574 493 1642 liberis
513 1583 609 1660 atquc
630 1576 800 1663 nepotibus
820 1595 876 1663 por
895 1576 982 1661 leges
1001 1573 1207 1649 tribunatum
1229 1573 1292 1643 bac
1309 1575 1351 1642 de

148 1712 246 1762 causa
269 1695 451 1762 necessario
473 1714 600 1780 quoqne
620 1693 684 1760 iilis
707 1693 865 1761 incumbit
886 1712 965 1761 cura
987 1713 1042 1760 eos
1065 1692 1191 1772 alendi,
1216 1695 1348 1762 etiamsi

147 1833 280 1902 prorsus
305 1813 385 1880 nihil
417 1814 614 1900 relinquant.
661 1814 724 1895 Qui
757 1815 858 1900 igitur
888 1832 1026 1900 acquum
1052 1814 1114 1892 sit,
1141 1821 1292 1899 parentes
1314 1815 1344 1880 si

146 1933 384 2019 neglexerimus
414 1933 501 2002 alere
531 1955 550 2001 a
581 1934 699 2022 quibus
721 1933 914 2000 facultatum
938 1931 1019 1999 nibil
1041 1931 1081 1998 ad
1106 1953 1166 2000 nos
1188 1951 1351 2020 perrone--

145 2054 203 2131 rit,
232 2052 303 2121 ideo
328 2073 386 2121 nos
408 2055 510 2121 animi
532 2073 610 2139 erga
632 2062 782 2141 parentes
806 2053 925 2135 ingrati
949 2071 1020 2119 reos
1045 2051 1133 2132 fieri,
1159 2054 1348 2121 sinautem

144 2171 227 2240 bona
250 2171 455 2259 reliquerint,
476 2172 603 2240 illorum
623 2172 778 2240 bonorum
800 2171 949 2239 beredem
969 2171 1056 2239 bunc
1076 2191 1167 2249 esse,
1185 2191 1247 2239 nos
1268 2191 1348 2239 vero

144 2290 289 2360 excludit
337 2291 582 2378 Nequaquam.”

189 2411 251 2492 Qui
285 2411 318 2478 iri
349 2409 491 2477 officium
515 2410 705 2497 parentibus
728 2418 824 2497 negat
845 2413 1005 2484 menoses
1029 2412 1169 2478 crimine
1195 2419 1347 2486 tenetur;

143 2550 226 2617 quae
257 2539 365 2596 autem
395 2529 470 2596 binc
501 2530 781 2617 consequebantur
812 2551 898 2597 nunc
932 2550 994 2597 non
1023 2530 1200 2608 enarrabo,
1235 2540 1270 2598 et
1305 2531 1344 2599 de

142 2652 269 2718 actione
288 2651 359 2736 ipsa
378 2652 443 2717 iam
463 2649 539 2716 alibi
558 2650 627 2716 dixi
647 2650 685 2738 ²).
734 2650 803 2716 Tali
823 2650 892 2716 viro
910 2649 1151 2716 oratorumloci
1163 2650 1343 2719 ostendunt

142 2770 212 2838 foro
242 2777 275 2837 et
305 2777 457 2856 suggesto
488 2769 715 2837 abstinendum
747 2789 817 2837 esse
830 2770 875 2858 ³),
906 2778 939 2837 et
967 2769 1199 2837 Demosthenes
1211 2771 1239 2858 4)
1266 2790 1339 2838 eum

142 2909 243 2978 acque
266 2909 306 2956 ac
329 2891 454 2976 patriae
477 2889 675 2977 proditorem
699 2888 895 2976 culpandum
921 2897 1041 2956 censet.

186 3009 436 3079 Demosthenem
448 3011 477 3098 ⁵)
507 3012 535 3078 si
567 3009 734 3088 audimus,
758 3008 974 3076 Solon'buius
994 3009 1075 3095 legis
1097 3019 1214 3077 auctor
1237 3017 1291 3078 est
1315 3010 1340 3098 ).

185 3129 316 3196 Victum
340 3138 374 3197 ct
396 3130 529 3196 domum
553 3130 742 3218 parentibus
764 3128 937 3216 praebendi
958 3127 1061 3195 officio
1081 3131 1272 3216 proximum
1292 3141 1341 3198 est

140 3249 295 3326 alterum,
318 3270 399 3336 quo
420 3249 553 3317 liberi
578 3250 842 3317 iubebantur
862 3256 1063 3336 parentes
1086 3249 1340 3336 sepelirent

138 3377 382 3457 parentare.
431 3369 496 3436 Hac
520 3388 648 3456 quoquc
671 3370 704 3434 in
727 3388 762 3435 re
786 3367 961 3435 Aeschines
972 3367 997 3455 ⁷)
1024 3367 1118 3434 nobis
1139 3370 1184 3435 sit
1206 3378 1339 3448 auctor,

48 3512 52 3517 ’
138 3490 214 3576 qui,
246 3496 415 3575 postquam
446 3491 610 3556 enarravit
640 3487 768 3576 quando
798 3487 909 3554 liberis
939 3476 1058 3573 prioris
1087 3485 1187 3555 officii
1210 3491 1342 3557 vacatio

138 3608 251 3687 detur,
278 3607 358 3675 dicit
381 3608 520 3675 alterum
544 3607 631 3674 nulla
653 3626 806 3692 umquam
830 3625 865 3672 re
886 3606 969 3682 tolii;
990 3606 1093 3673 filium
1113 3606 1183 3673 scil.
1206 3617 1342 3696 epatre

137 3729 351 3815 prostitutum
374 3724 554 3795 lex'vetuit
577 3726 663 3794 alere
687 3733 811 3812 patrem
839 3733 895 3792 aut
917 3723 1081 3809 domicilio
1098 3729 1265 3815 excipcrc;
1286 3728 1343 3794 de·

174 3942 206 4011 1)
225 3938 258 3992 de
278 3936 328 3992 cir.
348 3935 401 3989 ber.
423 3954 446 4006 p.
458 3935 506 4001 72,
527 3936 570 3985 32.

173 4028 205 4095 2)
226 4024 257 4080 cf.
279 4044 304 4097 p.
315 4026 385 4090 138,
406 4041 431 4075 n.
449 4025 466 4074 3
485 4028 512 4073 et
531 4023 556 4072 4.
595 4018 652 4073 Vid.
672 4021 730 4092 bys.
750 4037 772 4071 c.
793 4024 896 4090 Agorat.
919 4037 942 4089 p.
954 4022 1021 4085 138,
1043 4021 1057 4086 p
1077 4024 1122 4074 21.

173 4115 204 4183 ὃ)
222 4131 247 4168 e.
264 4132 289 4187 g.
310 4115 382 4164 Dem.
399 4128 422 4162 c.
441 4107 552 4162 'I'imoen
572 4127 596 4180 p.
609 4109 679 4171 tab,
700 4108 714 4174 b
736 4109 802 4172 103,
825 4105 913 4159 Aescb.
933 4123 956 4160 e.
974 4106 1039 4159 uim.
1058 4126 1083 4179 p.
1095 4111 1127 4174 4,
1149 4111 1231 4178 §w

173 4204 206 4271 4)
222 4219 244 4254 c.
264 4199 374 4254 Timocr.
393 4199 496 4271 nme,
517 4198 532 4265 p
551 4199 600 4260 6⁰,
620 4193 652 4250 ef.
674 4211 779 4268 quoque
797 4197 900 4267 pm,
921 4196 1013 4262 §ibn

175 4292 205 4356 b)
225 4306 247 4342 o.
267 4288 377 4341 Timocr.
398 4305 421 4357 p.
433 4288 502 4351 733,
522 4285 538 4351 b
559 4285 619 4337 106.
1136 4297 1137 4300 ¹

173 4377 203 4445 6)
222 4373 255 4428 cf.
277 4374 346 4447 Diog.
368 4376 451 4428 botro.
470 4370 521 4424 Sol.
542 4372 556 4438 §
577 4375 612 4424 55
633 4380 659 4423 et
680 4371 733 4425 net.
755 4375 782 4426 V.
805 4375 834 4425 Η.
857 4373 906 4438 IX,
928 4376 953 4426 1.

172 4468 202 4536 7)
221 4483 243 4520 c.
263 4463 375 4519 Timoer.
395 4465 460 4534 pa,
482 4463 497 4530 p
519 4463 553 4511 1³
573 4477 611 4531 sq.
