2842 5018
652 275 690 336 tl

121 462 277 549 Superest
300 467 337 526 ut
368 477 514 527 moneam
537 457 731 545 epidioasiae
753 457 913 526 actionem
937 457 1144 528 deserendam
1166 461 1268 530 luisse

74 583 115 650 ad
146 581 335 648 archontem
367 600 406 647 ex
434 579 519 666 lege,
552 599 616 666 qua
645 578 697 646 hie
729 577 900 647 iubebatur
930 599 1043 647 euram
1067 602 1180 668 gerere
1203 583 1267 669 epi·

74 702 235 771 clerorum
261 700 429 778 orbarum,
465 708 502 767 ut
535 699 575 766 alr
610 697 799 786 Apollodoro
833 698 990 767 discimus
1002 701 1045 789 ¹):
1079 701 1156 783 »lex
1179 701 1268 768 iubet

75 820 284 908 epidieasiam
315 811 355 886 de
385 819 535 887 omnihus
566 817 715 906 epieleris
746 817 816 884 fieri
847 825 993 906 oportere
1024 827 1057 887 et
1087 820 1212 889 civibus
1235 806 1270 888 et

77 941 271 1028 peregrinis;
301 960 339 1008 ao
363 940 402 1008 de
426 940 550 1008 uiribus
574 957 705 1006 oausam
731 937 936 1006 introducere
959 947 1106 1027 oportere
1131 941 1268 1008 arehon·

77 1071 143 1129 tem
167 1070 199 1128 ot
223 1080 354 1137 curare,
375 1059 415 1127 de
437 1060 618 1147 peregrinis
642 1069 751 1125 autem
771 1059 1030 1145 polemarohum,
1055 1081 1092 1127 no
1113 1063 1183 1129 eine
1202 1064 1269 1149 epi.

76 1180 198 1250 dieasia
222 1199 286 1247 non
310 1178 407 1246 lieere
431 1177 480 1246 vel
503 1177 716 1248 hereditatem
740 1179 859 1246 trahere
881 1180 931 1246 vel
953 1179 1164 1267 epielerum.'’

120 1299 324 1387 Epidioasiae
347 1300 509 1368 actionem
534 1298 670 1367 ulterius
689 1301 839 1387 persequi
859 1308 950 1367 extra
970 1299 1168 1370 familiarum
1187 1303 1268 1369 iuris

77 1421 157 1489 fines
177 1422 260 1490 iacet
273 1421 321 1508 ²),
339 1428 371 1488 et
391 1419 661 1507 progrediendum
683 1420 811 1489 videtur
827 1420 869 1489 ad
881 1423 1031 1491 instituta
1044 1423 1082 1490 de
1096 1422 1267 1490 eonnubio.

654 1806 687 1872 5.

475 2035 512 2079 nr
534 2035 681 2081 oouuuuro
704 2035 872 2084 rusrrrurl.

123 2255 366 2324 Matrimonium
400 2262 526 2322 tantum
554 2257 641 2324 inter
664 2276 718 2324 eos
740 2258 886 2327 contrairi
911 2268 1017 2345 potest
1038 2281 1120 2348 quos
1143 2265 1269 2349 quomi-

80 2397 143 2447 nus
175 2375 208 2443 id
238 2374 360 2445 iaciant
391 2375 479 2444 nulla
504 2375 554 2443 lex
576 2376 728 2463 inpedit,
752 2378 869 2462 quibus
893 2380 995 2464 igitur
1019 2383 1106 2450 inter
1129 2404 1199 2451 sese
1221 2390 1272 2451 est

79 2498 258 2577 ἐπιγαμία,
281 2495 315 2563 id
338 2505 388 2564 est
410 2497 620 2565 eonnulrii
645 2500 849 2567 societas.

124 2617 249 2703 Duplex
281 2624 389 2683 autem
421 2637 525 2702 genus
556 2628 605 2685 est
635 2618 765 2702 legum,
799 2639 881 2704 quae
912 2623 1158 2689 matrimonium
1193 2624 1271 2688 iniri

80 2747 209 2815 vetant,
245 2737 384 2807 alterum
419 2757 458 2805 ex
494 2738 565 2808 iure
600 2738 687 2807 civili
722 2738 859 2809 alterum
895 2762 934 2810 ex
968 2743 1166 2810 lamtliarum
1200 2745 1271 2819 iure

81 2860 238 2946 originem
264 2857 395 2927 doeens.

185 3165 188 3170 A
228 3102 265 3169 Α.
297 3099 350 3169 ue
381 3099 655 3167 matrimonio
688 3102 782 3169 iure
813 3101 937 3168 oivili
969 3104 1114 3169 vetito.

127 3339 335 3429 Apollodorus
374 3339 405 3404 in
442 3339 586 3406 oratione
621 3349 733 3409 eontra
766 3341 922 3410 Neaeram
944 3343 970 3431 ³)
1005 3343 1108 3430 legem
1143 3344 1280 3424 laudan

83 3481 190 3548 quae
223 3459 495 3547 peregrinam
527 3481 619 3528 oum
643 3464 735 3528 eive
758 3463 895 3530 attieo
919 3483 991 3550 per
1014 3463 1207 3531 fraudem
1231 3475 1272 3530 et

83 3581 222 3651 dolum
255 3579 407 3647 malum
439 3583 759 3649 matrimonium
795 3583 906 3650 inire
928 3591 1045 3650 vetat
1073 3594 1113 3651 et
1136 3586 1274 3652 nivem

84 3702 262 3769 atticam
295 3718 386 3767 oum
413 3703 659 3786 peregrino;
682 3703 718 3769 si
742 3705 813 3788 qui
834 3711 985 3770 eontra
1008 3704 1113 3771 hano
1136 3705 1272 3790 legem

82 3820 288 3897 louerint,
310 3828 457 3886 eontra
481 3840 551 3905 eos
574 3821 795 3906 publicam
816 3824 1030 3891 actionem
1055 3823 1163 3911 apud
1187 3823 1271 3890 the·

85 3980 303 3997 m

119 4090 151 4158 1)
171 4083 333 4156 [Demosth]
351 4104 372 4139 o.
392 4086 480 4160 Steph.
500 4091 541 4154 Il,
561 4107 586 4160 p.
598 4093 685 4155 1135,
705 4090 719 4158 p
739 4093 791 4159 223
807 4089 1074 4162 ol.[l)emostlr.]adv.
1086 4096 1154 4148 Lacr.
1165 4113 1190 4167 p.
1202 4095 1270 4161 llll),

83 4178 99 4246 §
118 4179 163 4231 tn
753 4175 764 4200 ⁸

120 4268 152 4335 2)
180 4240 231 4318 eff(
252 4263 328 4340 lleier
357 4261 411 4314 und
435 4262 608 4332 Schoemenm
645 4266 690 4320 der
706 4275 753 4320 att.
774 4287 841 4341 proc.
862 4272 951 4342 ptuit
970 4288 1024 4345 sqq.
1041 4280 1067 4326 ot
1087 4269 1205 4338 Plutum,
1225 4268 1270 4324 der

83 4373 151 4428 proc.
174 4357 214 4421 11,
235 4357 324 4426 p.255
344 4369 398 4425 sqq.

121 4444 151 4515 3)
172 4441 331 4512 [nomento]
349 4444 469 4516 p.1350,
491 4443 505 4510 d
528 4439 569 4495 17.
