2842 5018
640 273 787 335 ·58

195 403 207 437 Ι

176 451 418 523 matrimonium
450 453 556 520 ratum
584 454 700 531 luisse,
735 466 771 522 ut
801 473 875 524 eum
900 459 1001 545 ipsius
1026 458 1122 524 dictis
1145 458 1286 546 irretiat)
1312 478 1367 546 ap·

175 585 266 663 paret
290 595 422 642 uxerem
446 583 518 663 post
540 575 649 641 mariti
673 585 808 644 martem
830 579 900 645 eius
920 577 1050 646 demum
1072 599 1165 667 pcsse
1185 578 1369 665 relinquere

174 716 248 762 cum
280 696 369 774 date,
404 695 501 760 etiam
534 695 563 760 si
593 694 686 760 liberi
717 698 786 761 nati
816 699 892 764 sint.
947 699 1035 765 ldem
1060 700 1306 766 demonstratur
1329 699 1368 763 iis

176 837 257 904 quae
281 817 315 881 in
339 818 484 882 oratione
507 814 662 882 adversus
686 816 838 883 Boeotum
862 817 902 884 de
922 818 995 886 dute
1016 827 1192 886 narrantur
1205 817 1246 908 ¹).
1282 819 1369 884 blan·

175 936 270 1003 tithei
295 944 399 1002 mater
422 937 565 1023 primum
590 935 804 1003 Cleomedonti
830 948 1001 1024 nupserat;
1026 941 1110 1007 natis
1134 947 1243 1006 autem
1265 937 1369 1004 trihus

176 1055 303 1122 tiliabus
334 1064 366 1122 et
399 1075 463 1121 nno
487 1055 551 1122 lilio
574 1055 688 1122 Cleone
709 1057 890 1144 maritoque
912 1067 1039 1124 murtuu
1063 1058 1237 1125 deserta
1258 1056 1369 1124 lami·

174 1175 234 1241 lia
267 1184 306 1242 et
338 1183 513 1262 recepta
544 1175 641 1241 dcte
665 1177 784 1242 iterum
809 1196 827 1241 a
851 1177 1024 1244 Menexenu
1047 1186 1078 1244 et
1102 1177 1249 1266 Bathyllo
1273 1177 1370 1244 eollo·

176 1304 248 1361 cata
280 1315 353 1360 cum
385 1294 498 1362 talenti
521 1295 595 1361 dcte
620 1297 730 1382 nupsit
753 1297 890 1361 oraturis
913 1297 1008 1383 patri.
1029 1335 1075 1345 —
1098 1296 1192 1363 Hisce
1216 1296 1298 1361 nihil
1323 1296 1371 1362 lu·

177 1415 339 1481 culentius
370 1434 438 1483 esse
471 1422 574 1502 potest
606 1424 638 1481 et
667 1417 794 1500 egregie
820 1417 859 1480 iis
883 1435 964 1502 quae
989 1416 1056 1481 dixi
1081 1416 1265 1482 illustratur
1289 1418 1369 1484 lsaei

177 1535 283 1613 lucus,
312 1541 380 1622 ¹quo
410 1542 575 1621 praeterea
606 1533 760 1600 ducemur
790 1535 868 1621 quid
901 1536 1047 1601 mulieris
1077 1535 1194 1617 κύριος,
1221 1537 1256 1601 in
1279 1536 1371 1601 euius

176 1674 309 1722 manum
342 1654 508 1731 rediisset,
540 1652 645 1720 lacere
676 1653 824 1721 debuerit
851 1653 1022 1721 heredibus
1046 1656 1240 1742 negantibus
1264 1655 1371 1722 dotem

179 1774 324 1842 reddere.
376 1775 456 1838 Tam
489 1772 611 1839 scilicet
646 1773 728 1848 δίκην
763 1774 848 1838 σίτου
871 1782 927 1839 ant
951 1775 1034 1850 δίκην
1057 1773 1177 1857 προικός
1198 1775 1239 1841 ab
1263 1797 1301 1842 ee
1325 1778 1371 1842 in-

178 1897 270 1962 stitui
303 1894 488 1982 oportebat,
519 1893 558 1959 de
589 1893 707 1979 quibus
739 1894 919 1961 actionibus
950 1904 1094 1981 repetere
1117 1916 1199 1983 quae
1223 1898 1256 1961 in
1281 1896 1371 1962 libris

179 2014 217 2081 de
249 2016 347 2081 attica
371 2014 427 2080 lite
451 2015 571 2106 optirne
594 2021 671 2079 sunt
694 2015 875 2099 conscripta
891 2014 917 2101 2)
944 2035 1005 2080 nen
1030 2016 1252 2082 necessarium
1277 2013 1370 2082 duca.

225 2133 270 2222 h).
318 2135 413 2200 Cum
443 2134 574 2199 liberi
600 2154 678 2198 nun
702 2142 845 2199 essent
869 2136 959 2199 nati
985 2135 1085 2220 quid
1109 2142 1271 2202 mortuo
1296 2155 1372 2200 ma·

179 2255 265 2319 rito
297 2253 343 2319 de
378 2253 474 2319 dcte
514 2252 618 2318 lieri
657 2251 820 2318 soleret
852 2272 938 2318 nunc
968 2252 1146 2320 videamus.
1202 2255 1369 2340 Nusquam

179 2372 303 2438 directo
321 2373 507 2438 testimonio
527 2371 602 2436 huic
622 2372 802 2457 quaestioni
823 2371 1048 2458 responderam
1070 2373 1125 2440 sed
1144 2394 1281 2441 uxorem
1298 2394 1372 2440 cum

180 2493 254 2559 dote
285 2492 390 2559 redire
422 2493 455 2558 in
489 2511 621 2557 manum
638 2492 751 2574 ’κυρίου
783 2499 815 2559 et
840 2492 962 2558 indoles
985 2493 1068 2560 iuris
1091 2494 1184 2560 attici
1208 2495 1317 2581 arguit
1341 2503 1373 2561 et

177 2612 393 2679 demonstrari
419 2618 533 2698 potest.
583 2611 761 2678 Succedere
784 2613 817 2676 in
841 2611 922 2677 huna
947 2613 1055 2678 mariti
1077 2613 1230 2681 intestato
1249 2616 1373 2681 mortui

178 2733 264 2819 apud
296 2726 506 2798 Athenienses
536 2751 597 2797 nun
630 2731 746 2797 licebat
778 2732 881 2797 uxori.
930 2731 964 2797 Si
996 2732 1068 2818 quis
1096 2732 1193 2799 urhus
1216 2734 1374 2800 intestata

179 2853 264 2919 diem
298 2872 484 2940 supremum
519 2852 613 2931 obiit,
645 2851 789 2918 succedit
821 2853 854 2916 in
885 2854 955 2918 eius
983 2852 1065 2918 buna
1097 2855 1126 2920 is
1156 2853 1211 2940 qui
1234 2872 1275 2918 ex
1299 2855 1372 2920 iure

176 2973 373 3041 hereditario
402 2993 519 3058 genere
550 2974 715 3058 proximus
744 2973 849 3060 est³);
881 2972 933 3038 hic
966 2972 1107 3058 prolecta
1138 2978 1201 3038 nun
1231 2981 1373 3059 praeter·

180 3096 288 3160 mittet
311 3092 441 3178 longum
467 3093 622 3178 temporis
646 3094 805 3178 spatium,
838 3100 874 3156 ut
897 3088 1109 3159 hereditatem
1129 3092 1191 3157 sihi
1212 3092 1372 3168 vindicet;

178 3212 264 3299 quod
288 3221 325 3278 at
348 3211 467 3277 efficiat
488 3211 549 3276 sihi
570 3211 684 3276 domus
705 3211 758 3277 illa
780 3211 1000 3277 interdicenda
1020 3219 1069 3277 est
1090 3210 1224 3278 relictae
1243 3211 1369 3278 viduae.

179 3333 269 3414 Quae
301 3350 341 3396 ne
374 3331 493 3394 iniuria
525 3327 701 3406 alliciatur,
727 3331 753 3395 si
778 3330 909 3415 gravida
933 3339 981 3396 est
1005 3339 1102 3416 atque
1123 3330 1204 3396 adeo
1229 3332 1372 3398 nundum

180 3463 269 3520 certo
289 3452 364 3518 sciri
390 3457 493 3536 potest
517 3468 556 3513 aa
582 3447 753 3515 defunctus
773 3469 884 3515 revera
905 3450 1002 3514 orbus
1020 3459 1171 3516 mortuus
1191 3453 1253 3531 sit,
1276 3452 1372 3519 tlthe·

181 3574 309 3639 nienses
330 3570 413 3636 hane
437 3569 540 3656 legem
564 3579 758 3647 sanxerunt,
783 3576 828 3634 nt
851 3569 1008 3636 archon
1028 3589 1174 3637 curam
1194 3579 1372 3657 gereret

178 3711 324 3791 earum
350 3691 574 3756 mulierum
608 3709 712 3776 quae
744 3689 1025 3775 perhibentes
1061 3710 1103 3756 se
1135 3695 1372 3778 praegnan-

179 3825 244 3882 tes
267 3832 356 3878 esse
380 3809 646 3896 aliquamdiu
670 3818 916 3875 remaneant
940 3810 979 3874 in
1001 3809 1200 3877 defuncti
1222 3814 1370 3878 mariti

179 4026 364 4044 m-

216 4171 245 4238 1)
265 4166 425 4239 [nemone]
445 4169 567 4239 p.1utu‚
587 4166 601 4233 d
623 4167 647 4217 6.

216 4260 247 4328 2)
265 4256 308 4311 cst'.
338 4256 413 4310 blaier
442 4264 469 4308 et
497 4254 613 4307 Schcem.
642 4250 667 4304 d.
697 4259 744 4306 att.
773 4269 841 4324 prce.
872 4270 895 4324 p.
908 4254 962 4305 tta
983 4271 1052 4328 sqq.,
1073 4253 1178 4311 Platncr
1197 4255 1222 4311 d.
1244 4275 1313 4331 prae.
1335 4261 1372 4326 tt,

180 4350 296 4509 pgssbef.
316 4439 432 4500 Bunsen,
452 4431 485 4485 de
503 4429 561 4484 iure
579 4427 666 4484 hered.
686 4429 755 4504 apud
776 4428 837 4484 ath.
857 4406 931 4504 p.'38
950 4450 988 4506 sq.
