2842 5018
740 254 780 315 16

159 439 310 508 instituta
341 436 381 505 de
411 437 619 504 matrimonio
641 434 928 523 perepidioasiam
952 435 1189 514 contrahendo,
1213 454 1352 523 quorum

158 560 317 626 rationem
347 529 457 623 Isaeus
487 558 521 622 in
551 557 695 623 oratioue
726 555 765 622 de
796 555 913 644 Pyrrhi
936 555 1115 623 hereditate
1137 555 1229 623 nohis
1252 560 1352 644 aptis·

74 754 80 765 ,
157 682 239 746 sime
262 680 402 765 exponit.
449 677 573 745 Eudius
598 676 715 764 Pyrrhi
739 675 825 741 iilius
845 675 1015 762 adoptatus
1035 676 1133 743 huius
1152 676 1252 743 [iiiam
1274 698 1351 764 spu-

158 801 240 866 riam
265 797 378 864 Philen
400 796 613 883 desponderat
638 803 670 862 et
694 797 762 882 ipse
787 796 821 860 in
845 797 948 881 patris
971 795 1153 883 adoptantis
1174 796 1257 866 hona
1278 818 1351 866 suc·

158 930 309 986 cesserat.
358 918 433 983 Post
454 915 549 982 idndii
569 922 705 981 mortem
724 914 821 981 huius
835 913 916 980 hona
928 924 1145 1003 pervenerunt
1158 915 1198 982 ad
1213 925 1350 986 matrem

157 1048 189 1107 et
222 1038 347 1105 iratres.
397 1035 505 1103 Philes
528 1055 604 1102 vero
623 1035 775 1101 avunculi
798 1036 996 1102 contendunt
1020 1057 1091 1103 earn
1116 1056 1179 1102 nou
1205 1039 1349 1124 spuriam

157 1179 244 1237 esse,
274 1167 371 1244 atque
402 1157 503 1243 igitur
535 1155 654 1223 iniuria
685 1155 802 1242 Pyrrhi
830 1175 905 1242 opes
937 1155 976 1222 ab
1006 1156 1111 1222 Endio
1134 1166 1166 1223 et
1190 1167 1294 1224 matre
1317 1168 1351 1224 ct

157 1279 314 1346 fratribus
344 1275 524 1343 vindicatas
555 1295 636 1342 esse.
690 1274 807 1341 Orator
840 1283 949 1342 autern
983 1284 1014 1341 et
1047 1276 1117 1342 aliis
1148 1280 1351 1362 argumentis

156 1396 319 1465 iudicibus
358 1395 552 1483 persuadere
594 1402 730 1461 conatur
766 1395 877 1461 Phileo
909 1415 1021 1462 revera
1054 1398 1198 1483 spuriam
1231 1397 1349 1486 Pyrrhi

155 1516 257 1584 fuisse
291 1516 391 1583 filiam
419 1523 452 1583 et
475 1535 531 1592 eo,
554 1514 639 1600 quod
663 1535 700 1580 ea
720 1535 802 1600 quae
822 1514 892 1581 fieri
913 1515 1084 1594 deberent,
1107 1519 1135 1582 si
1157 1519 1230 1602 quis
1249 1517 1348 1585 filiam

155 1637 385 1706 hereditariam
409 1634 609 1721 reliquisset,
635 1644 705 1721 post
728 1635 845 1722 Pyrrhi
872 1643 1008 1701 mortem
1034 1656 1098 1702 nou
1121 1634 1207 1705 iacta
1229 1647 1349 1705 essent.

155 1759 311 1824 »Constat
335 1756 462 1833 euim‚'’
488 1756 593 1841 inquit
607 1754 651 1842 ¹),
678 1756 731 1820 »si
755 1753 854 1821 filiam
878 1755 1029 1821 heredem
1055 1754 1256 1842 reliquisset,
1280 1777 1348 1823 cer·

154 1879 280 1944 tissime
310 1877 478 1961 cognitum
508 1874 659 1942 hahuisse
693 1875 854 1963 Pyrrhum
889 1874 1084 1942 atterutrum
1110 1875 1226 1942 horum
1250 1897 1345 1943 evcn-

153 2007 265 2064 turnm
297 2016 385 2075 esse,
419 2004 453 2062 ut
484 2003 541 2061 aut
566 2003 729 2072 nostrum,
753 1997 809 2081 qui
834 1996 1025 2080 cognatione
1048 1997 1188 2080 proximi
1211 2017 1345 2075 sumus,

154 2116 271 2204 aliquis
302 2115 390 2182 illam
423 2115 522 2181 filiam
547 2115 679 2181 duceret
702 2115 763 2180 sihi
787 2135 806 2180 a
830 2114 992 2180 iudicibus
1016 2114 1248 2196 adiudicatam,
1272 2128 1347 2198 aut,

154 2237 183 2304 si
215 2244 361 2302 nostrum
396 2255 490 2303 nemo
519 2255 591 2302 eam
626 2234 744 2302 ducere
773 2234 885 2313 vellet,
911 2245 945 2302 ut
970 2235 1085 2302 horum
1110 2239 1346 2306 avunculorum

154 2358 210 2445 qui
246 2376 332 2424 nunc
369 2357 552 2423 testimonia
588 2365 754 2443 praestant
786 2355 868 2422 aiter
891 2365 949 2423 aut
972 2357 1169 2443 reliquorum
1193 2368 1346 2445 cognato·

152 2496 226 2545 rum
249 2476 368 2563 aliquis
391 2476 462 2563 pari
486 2475 581 2541 modo
599 2495 669 2542 caux
690 2495 823 2543 uxorem
844 2475 976 2543 haberet
998 2478 1148 2544 universa
1166 2478 1346 2546 hereditate

151 2599 184 2663 in
209 2599 280 2664 iure
303 2597 438 2683 petita.’'
482 2594 578 2662 Nuila
601 2596 680 2662 haec
700 2597 967 2682 interpretatione
986 2607 1100 2683 egent,
1121 2597 1237 2664 docent
1256 2601 1344 2667 enirn

151 2717 224 2785 luce
254 2716 374 2784 clarius
405 2735 542 2783 omnes
576 2714 700 2784 filias
734 2715 1031 2783 hereditarias
1064 2739 1138 2805 per
1161 2719 1344 2805 epidica·

153 2839 258 2904 siam
282 2856 302 2902 a
324 2856 480 2922 genere
504 2836 708 2921 proximis
733 2837 822 2920 peti
848 2839 1055 2922 potuisse.

197 2957 315 3025 Omnes
348 2955 536 3044 inquam²);
569 2975 642 3021 nam
677 2956 920 3021 matrimonium
952 2956 1001 3024 vei
1037 2959 1214 3024 iustissimo
1250 2958 1344 3026 modo

151 3085 372 3155 contractum,
407 3078 501 3142 cuius
533 3083 624 3161 pater
653 3076 721 3161 ipse
753 3083 867 3140 auctor
896 3075 1019 3154 iuerat,
1042 3086 1114 3164 post
1137 3078 1235 3144 huius
1260 3099 1344 3144 mor-

150 3208 215 3267 tem
250 3199 329 3265 solvi
361 3205 486 3284 poterat
516 3196 680 3262 voluntate
713 3196 802 3276 eius,
830 3197 886 3282 qui
903 3198 1069 3284 proximus
1093 3207 1250 3284 cognatus
1274 3209 1346 3266 erat

151 3329 184 3387 et
224 3321 293 3406 ipse
333 3317 432 3383 filiam
472 3298 589 3382 ducere
622 3315 772 3393 volebat,
807 3317 890 3381 nisi
925 3325 1048 3403 pater
1083 3326 1347 3386 testamento

149 3439 272 3507 filiae
313 3439 514 3504 maritum
550 3436 746 3503 heredem
782 3437 1042 3523 scripsisset
1078 3447 1205 3525 atque
1241 3439 1344 3506 adeo

150 3560 411 3645 adoptasset.
461 3557 550 3639 Quod
586 3558 653 3623 dixi
682 3558 792 3622 isaeus
817 3555 967 3643 probat³)
993 3556 1104 3624 dicens
1126 3559 1213 3644 leges
1236 3559 1344 3627 edice·

149 3700 202 3758 re,
235 3688 270 3745 ut
293 3677 445 3745 mulieres
468 3677 508 3744 ah
531 3651 610 3766 ipsis
632 3676 780 3763 patribus
804 3675 944 3742 elocatae
967 3684 1000 3742 ct
1024 3677 1088 3742 iarn
1114 3679 1145 3742 in
1172 3682 1341 3744 matrimo-

149 3801 202 3866 nio
225 3799 397 3886 degentes,
428 3819 502 3864 cum
528 3805 618 3885 pater
642 3816 752 3863 aarum
778 3794 954 3862 decesserit
977 3795 1066 3862 uuila
1088 3797 1176 3884 prole
1198 3799 1342 3869 mascula

148 3920 288 4005 genuina
319 3918 432 3985 relicta
464 3918 621 4004 proximis
653 3935 769 4000 genere
801 3916 834 3980 in
868 3918 1109 3984 matrimonium
1135 3939 1153 3984 a
1178 3917 1342 3986 iudicibus

148 4115 349 4129 m

186 4239 217 4396 h}
236 4237 584 4399 hifhpohiodtlihcmosthd
604 4341 625 4378 c.
645 4324 735 4397 steph.
756 4328 797 4392 11,
817 4343 842 4397 p.
853 4328 941 4393 1135,
962 4326 977 4393 d
997 4328 1040 4380 22.

188 4416 217 4484 3)
236 4413 267 4469 dc
287 4413 378 4488 Pyrrhi
396 4414 449 4469 her.
473 4433 496 4487 p.
508 4417 557 4481 id,
579 4414 593 4480 d
609 4416 651 4466 611.
