<?xml version="1.0" encoding="UTF-8"?>
<!DOCTYPE html PUBLIC "-//W3C//DTD XHTML 1.0 Transitional//EN"
    "http://www.w3.org/TR/xhtml1/DTD/xhtml1-transitional.dtd">
<html xmlns="http://www.w3.org/1999/xhtml" xml:lang="en" lang="en">
 <head>
  <title>
</title>
<meta http-equiv="Content-Type" content="text/html;charset=utf-8" />
  <meta name='ocr-system' content='tesseract 3.04.00' />
  <meta name='ocr-capabilities' content='ocr_page ocr_carea ocr_par ocr_line ocrx_word'/>
</head>
<body>
  <div class='ocr_page' id='page_1' title='image "./deiurefamiliaru00esgoog_0200.png"; bbox 0 0 2842 5018; ppageno 0'>
   <div class='ocr_carea' id='block_1_1' title="bbox 692 314 753 375">
    <p class='ocr_par' dir='ltr' id='par_1_1' title="bbox 692 314 753 375">
     <span class='ocr_line' id='line_1_1' title="bbox 692 314 753 375; baseline 0.016 -1"><span class='ocrx_word' id='word_1_1' title='bbox 692 314 753 375; x_wconf 81' lang='lat'>185</span> 
     </span>
    </p>
   </div>
   <div class='ocr_carea' id='block_1_2' title="bbox 117 495 1348 2514">
    <p class='ocr_par' dir='ltr' id='par_1_2' title="bbox 122 495 1348 2273">
     <span class='ocr_line' id='line_1_2' title="bbox 134 495 1320 585; baseline -0.002 -25"><span class='ocrx_word' id='word_1_2' title='bbox 134 497 265 561; x_wconf 90' lang='lat' dir='ltr'>omnino</span> <span class='ocrx_word' id='word_1_3' title='bbox 290 504 402 561; x_wconf 86' lang='lat' dir='ltr'>contra</span> <span class='ocrx_word' id='word_1_4' title='bbox 425 502 548 562; x_wconf 84' lang='lat' dir='ltr'>tutores</span> <span class='ocrx_word' id='word_1_5' title='bbox 568 516 642 563; x_wconf 89' lang='lat' dir='ltr'>suos</span> <span class='ocrx_word' id='word_1_6' title='bbox 657 497 700 585; x_wconf 87' lang='lat'>¹),</span> <span class='ocrx_word' id='word_1_7' title='bbox 725 516 828 584; x_wconf 89' lang='lat' dir='ltr'>neque</span> <span class='ocrx_word' id='word_1_8' title='bbox 851 505 958 563; x_wconf 90' lang='lat' dir='ltr'>tamen</span> <span class='ocrx_word' id='word_1_9' title='bbox 985 496 1017 560; x_wconf 89' lang='lat' dir='ltr'>hi</span> <span class='ocrx_word' id='word_1_10' title='bbox 1042 513 1166 580; x_wconf 85' lang='lat' dir='ltr'><strong>semper</strong></span> <span class='ocrx_word' id='word_1_11' title='bbox 1184 495 1229 559; x_wconf 85' lang='lat' dir='ltr'>ita</span> <span class='ocrx_word' id='word_1_12' title='bbox 1249 511 1320 578; x_wconf 83' lang='lat' dir='ltr'>age·</span> 
     </span>
     <span class='ocr_line' id='line_1_3' title="bbox 131 616 1318 704; baseline -0.003 -23"><span class='ocrx_word' id='word_1_13' title='bbox 131 624 204 682; x_wconf 90' lang='lat' dir='ltr'>rent</span> <span class='ocrx_word' id='word_1_14' title='bbox 229 624 264 682; x_wconf 87' lang='lat' dir='ltr'>ut</span> <span class='ocrx_word' id='word_1_15' title='bbox 288 619 374 682; x_wconf 91' lang='lat' dir='ltr'>omni</span> <span class='ocrx_word' id='word_1_16' title='bbox 399 617 492 704; x_wconf 88' lang='lat' dir='ltr'>culpa</span> <span class='ocrx_word' id='word_1_17' title='bbox 516 627 684 696; x_wconf 86' lang='lat' dir='ltr'>vocarent,</span> <span class='ocrx_word' id='word_1_18' title='bbox 708 618 773 684; x_wconf 85' lang='lat' dir='ltr'>lex</span> <span class='ocrx_word' id='word_1_19' title='bbox 797 626 973 703; x_wconf 84' lang='lat' dir='ltr'>praeter</span> <span class='ocrx_word' id='word_1_20' title='bbox 996 616 1240 682; x_wconf 90' lang='lat' dir='ltr'>continuam</span> <span class='ocrx_word' id='word_1_21' title='bbox 1260 632 1318 678; x_wconf 91' lang='lat' dir='ltr'>ar·</span> 
     </span>
     <span class='ocr_line' id='line_1_4' title="bbox 130 734 1315 824; baseline -0.002 -23"><span class='ocrx_word' id='word_1_22' title='bbox 130 735 300 802; x_wconf 86' lang='lat' dir='ltr'>chontis</span> <span class='ocrx_word' id='word_1_23' title='bbox 335 758 475 804; x_wconf 89' lang='lat' dir='ltr'>curam</span> <span class='ocrx_word' id='word_1_24' title='bbox 507 747 547 805; x_wconf 91' lang='lat' dir='ltr'>et</span> <span class='ocrx_word' id='word_1_25' title='bbox 581 748 725 805; x_wconf 84' lang='lat' dir='ltr'>cetere</span> <span class='ocrx_word' id='word_1_26' title='bbox 757 740 984 814; x_wconf 88' lang='lat' dir='ltr'>instituta,</span> <span class='ocrx_word' id='word_1_27' title='bbox 1019 756 1122 824; x_wconf 85' lang='lat' dir='ltr'>qnae</span> <span class='ocrx_word' id='word_1_28' title='bbox 1155 734 1315 802; x_wconf 93' lang='lat' dir='ltr'>demum</span> 
     </span>
     <span class='ocr_line' id='line_1_5' title="bbox 129 854 1315 946; baseline -0.003 -23"><span class='ocrx_word' id='word_1_29' title='bbox 129 868 225 944; x_wconf 88' lang='lat' dir='ltr'>post</span> <span class='ocrx_word' id='word_1_30' title='bbox 249 857 427 925; x_wconf 87' lang='lat' dir='ltr'>tutelam</span> <span class='ocrx_word' id='word_1_31' title='bbox 450 857 626 926; x_wconf 83' lang='lat' dir='ltr'>finitam</span> <span class='ocrx_word' id='word_1_32' title='bbox 649 858 850 946; x_wconf 84' lang='lat' dir='ltr'><strong>prodesse</strong></span> <span class='ocrx_word' id='word_1_33' title='bbox 874 860 1138 946; x_wconf 83' lang='lat' dir='ltr'>inciperent,</span> <span class='ocrx_word' id='word_1_34' title='bbox 1158 854 1220 922; x_wconf 87' lang='lat' dir='ltr'>alio</span> <span class='ocrx_word' id='word_1_35' title='bbox 1239 874 1315 942; x_wconf 90' lang='lat' dir='ltr'>qno·</span> 
     </span>
     <span class='ocr_line' id='line_1_6' title="bbox 128 974 1314 1066; baseline -0.002 -23"><span class='ocrx_word' id='word_1_36' title='bbox 128 997 192 1064; x_wconf 87' lang='lat' dir='ltr'>que</span> <span class='ocrx_word' id='word_1_37' title='bbox 222 976 316 1043; x_wconf 90' lang='lat' dir='ltr'>modo</span> <span class='ocrx_word' id='word_1_38' title='bbox 351 985 479 1044; x_wconf 84' lang='lat' dir='ltr'>caverat</span> <span class='ocrx_word' id='word_1_39' title='bbox 515 997 554 1044; x_wconf 92' lang='lat' dir='ltr'>ne</span> <span class='ocrx_word' id='word_1_40' title='bbox 578 978 719 1066; x_wconf 90' lang='lat' dir='ltr'>pupillus</span> <span class='ocrx_word' id='word_1_41' title='bbox 742 981 810 1066; x_wconf 92' lang='lat' dir='ltr'>ipse</span> <span class='ocrx_word' id='word_1_42' title='bbox 833 999 935 1065; x_wconf 91' lang='lat' dir='ltr'>neque</span> <span class='ocrx_word' id='word_1_43' title='bbox 959 979 1029 1046; x_wconf 89' lang='lat' dir='ltr'>eius</span> <span class='ocrx_word' id='word_1_44' title='bbox 1052 997 1128 1065; x_wconf 93' lang='lat' dir='ltr'>opes</span> <span class='ocrx_word' id='word_1_45' title='bbox 1150 974 1314 1044; x_wconf 88' lang='lat' dir='ltr'>laederen-</span> 
     </span>
     <span class='ocr_line' id='line_1_7' title="bbox 128 1097 1314 1187; baseline -0.001 -24"><span class='ocrx_word' id='word_1_46' title='bbox 128 1107 195 1165; x_wconf 90' lang='lat' dir='ltr'>tur.</span> <span class='ocrx_word' id='word_1_47' title='bbox 245 1097 298 1164; x_wconf 91' lang='lat' dir='ltr'>Sic</span> <span class='ocrx_word' id='word_1_48' title='bbox 320 1098 457 1186; x_wconf 84' lang='lat' dir='ltr'>exempli</span> <span class='ocrx_word' id='word_1_49' title='bbox 481 1101 586 1185; x_wconf 84' lang='lat' dir='ltr'>gratia</span> <span class='ocrx_word' id='word_1_50' title='bbox 605 1101 742 1187; x_wconf 90' lang='lat' dir='ltr'>ipsius</span> <span class='ocrx_word' id='word_1_51' title='bbox 763 1100 928 1168; x_wconf 77' lang='lat' dir='ltr'>tutelae</span> <span class='ocrx_word' id='word_1_52' title='bbox 950 1108 1135 1186; x_wconf 88' lang='lat' dir='ltr'>tempore</span> <span class='ocrx_word' id='word_1_53' title='bbox 1155 1097 1202 1163; x_wconf 89' lang='lat' dir='ltr'>ah</span> <span class='ocrx_word' id='word_1_54' title='bbox 1221 1116 1314 1163; x_wconf 80' lang='lat' dir='ltr'>uno</span> 
     </span>
     <span class='ocr_line' id='line_1_8' title="bbox 126 1219 1315 1306; baseline -0.003 -21"><span class='ocrx_word' id='word_1_55' title='bbox 126 1236 285 1305; x_wconf 84' lang='lat' dir='ltr'>quoque</span> <span class='ocrx_word' id='word_1_56' title='bbox 319 1220 411 1285; x_wconf 82' lang='lat' dir='ltr'>cive</span> <span class='ocrx_word' id='word_1_57' title='bbox 445 1219 582 1285; x_wconf 83' lang='lat' dir='ltr'>attico</span> <span class='ocrx_word' id='word_1_58' title='bbox 616 1219 812 1306; x_wconf 82' lang='lat' dir='ltr'>publicae</span> <span class='ocrx_word' id='word_1_59' title='bbox 850 1223 1013 1303; x_wconf 65' lang='grc' dir='ltr'>ὀρφανῶν</span> <span class='ocrx_word' id='word_1_60' title='bbox 1047 1219 1240 1293; x_wconf 70' lang='grc' dir='ltr'><strong><em>κακώσεως</em></strong></span> <span class='ocrx_word' id='word_1_61' title='bbox 1274 1223 1315 1284; x_wconf 82' lang='lat' dir='ltr'>et</span> 
     </span>
     <span class='ocr_line' id='line_1_9' title="bbox 127 1331 1312 1426; baseline 0.001 -22"><span class='ocrx_word' id='word_1_62' title='bbox 127 1342 325 1422; x_wconf 74' lang='grc' dir='ltr'><strong><em>ἐπιτροπῆς</em></strong></span> <span class='ocrx_word' id='word_1_63' title='bbox 347 1339 540 1406; x_wconf 81' lang='lat' dir='ltr'>actiones</span> <span class='ocrx_word' id='word_1_64' title='bbox 559 1348 696 1405; x_wconf 87' lang='lat' dir='ltr'>contra</span> <span class='ocrx_word' id='word_1_65' title='bbox 719 1348 869 1407; x_wconf 88' lang='lat' dir='ltr'>tutores</span> <span class='ocrx_word' id='word_1_66' title='bbox 890 1340 1057 1407; x_wconf 89' lang='lat' dir='ltr'>institui</span> <span class='ocrx_word' id='word_1_67' title='bbox 1077 1331 1312 1426; x_wconf 82' lang='lat' dir='ltr'>poterant²);</span> 
     </span>
     <span class='ocr_line' id='line_1_10' title="bbox 126 1458 1312 1548; baseline -0.002 -21"><span class='ocrx_word' id='word_1_68' title='bbox 126 1459 241 1528; x_wconf 87' lang='lat' dir='ltr'>deinde</span> <span class='ocrx_word' id='word_1_69' title='bbox 271 1461 378 1548; x_wconf 87' lang='lat' dir='ltr'>plures</span> <span class='ocrx_word' id='word_1_70' title='bbox 409 1480 484 1527; x_wconf 91' lang='lat' dir='ltr'>oum</span> <span class='ocrx_word' id='word_1_71' title='bbox 513 1459 703 1548; x_wconf 84' lang='lat' dir='ltr'>pierumque</span> <span class='ocrx_word' id='word_1_72' title='bbox 726 1479 861 1527; x_wconf 91' lang='lat' dir='ltr'>numero</span> <span class='ocrx_word' id='word_1_73' title='bbox 885 1469 992 1528; x_wconf 87' lang='lat' dir='ltr'>essent</span> <span class='ocrx_word' id='word_1_74' title='bbox 1016 1467 1155 1536; x_wconf 86' lang='lat' dir='ltr'>tutores,</span> <span class='ocrx_word' id='word_1_75' title='bbox 1179 1458 1312 1548; x_wconf 88' lang='lat' dir='ltr'>pup&#39;il·</span> 
     </span>
     <span class='ocr_line' id='line_1_11' title="bbox 122 1580 1348 1668; baseline -0.001 -21"><span class='ocrx_word' id='word_1_76' title='bbox 122 1582 189 1648; x_wconf 88' lang='lat' dir='ltr'>lus</span> <span class='ocrx_word' id='word_1_77' title='bbox 217 1580 405 1649; x_wconf 78' lang='lat' dir='ltr'>ulterius</span> <span class='ocrx_word' id='word_1_78' title='bbox 437 1601 508 1666; x_wconf 92' lang='lat' dir='ltr'>ope</span> <span class='ocrx_word' id='word_1_79' title='bbox 540 1589 705 1668; x_wconf 88' lang='lat' dir='ltr'>poterat</span> <span class='ocrx_word' id='word_1_80' title='bbox 736 1582 802 1647; x_wconf 90' lang='lat' dir='ltr'>uti</span> <span class='ocrx_word' id='word_1_81' title='bbox 834 1581 882 1648; x_wconf 89' lang='lat' dir='ltr'>ad</span> <span class='ocrx_word' id='word_1_82' title='bbox 914 1582 1090 1649; x_wconf 84' lang='lat' dir='ltr'>alterum</span> <span class='ocrx_word' id='word_1_83' title='bbox 1123 1588 1310 1647; x_wconf 90' lang='lat' dir='ltr'>tutorem</span> <span class='ocrx_word' id='word_1_84' title='bbox 1339 1633 1348 1660; x_wconf 76' lang='grc'>,</span> 
     </span>
     <span class='ocr_line' id='line_1_12' title="bbox 122 1701 1312 1789; baseline -0.001 -22"><span class='ocrx_word' id='word_1_85' title='bbox 122 1705 253 1769; x_wconf 91' lang='lat' dir='ltr'>iuius</span> <span class='ocrx_word' id='word_1_86' title='bbox 279 1701 519 1776; x_wconf 67' lang='lat' dir='ltr'>vocandum</span> <span class='ocrx_word' id='word_1_87' title='bbox 549 1703 643 1767; x_wconf 87' lang='lat' dir='ltr'>cuius</span> <span class='ocrx_word' id='word_1_88' title='bbox 661 1703 709 1768; x_wconf 87' lang='lat' dir='ltr'>rei</span> <span class='ocrx_word' id='word_1_89' title='bbox 732 1701 912 1789; x_wconf 88' lang='lat' dir='ltr'>exemplum</span> <span class='ocrx_word' id='word_1_90' title='bbox 938 1701 1092 1768; x_wconf 88' lang='lat' dir='ltr'>hahemus</span> <span class='ocrx_word' id='word_1_91' title='bbox 1115 1701 1312 1788; x_wconf 83' lang='lat' dir='ltr'>Theopompi</span> 
     </span>
     <span class='ocr_line' id='line_1_13' title="bbox 123 1821 1309 1909; baseline 0.001 -22"><span class='ocrx_word' id='word_1_92' title='bbox 123 1825 239 1888; x_wconf 87' lang='lat' dir='ltr'>tutoris</span> <span class='ocrx_word' id='word_1_93' title='bbox 266 1822 323 1888; x_wconf 87' lang='lat' dir='ltr'>iiiii</span> <span class='ocrx_word' id='word_1_94' title='bbox 348 1821 532 1900; x_wconf 88' lang='lat' dir='ltr'>Stratooiis,</span> <span class='ocrx_word' id='word_1_95' title='bbox 562 1824 618 1908; x_wconf 91' lang='lat' dir='ltr'>qni</span> <span class='ocrx_word' id='word_1_96' title='bbox 642 1822 681 1888; x_wconf 89' lang='lat' dir='ltr'>ab</span> <span class='ocrx_word' id='word_1_97' title='bbox 701 1823 801 1888; x_wconf 89' lang='lat' dir='ltr'>altero</span> <span class='ocrx_word' id='word_1_98' title='bbox 823 1822 966 1890; x_wconf 88' lang='lat' dir='ltr'>eiusdem</span> <span class='ocrx_word' id='word_1_99' title='bbox 992 1831 1097 1888; x_wconf 89' lang='lat' dir='ltr'>tutore</span> <span class='ocrx_word' id='word_1_100' title='bbox 1121 1842 1178 1909; x_wconf 93' lang='lat' dir='ltr'>per</span> <span class='ocrx_word' id='word_1_101' title='bbox 1201 1824 1309 1902; x_wconf 72' lang='lat' dir='ltr'>einey-</span> 
     </span>
     <span class='ocr_line' id='line_1_14' title="bbox 123 1942 1307 2034; baseline 0.003 -29"><span class='ocrx_word' id='word_1_102' title='bbox 123 1942 237 2034; x_wconf 71' lang='lat' dir='ltr'>yenioo</span> <span class='ocrx_word' id='word_1_103' title='bbox 260 1944 417 2016; x_wconf 76' lang='grc' dir='ltr'><strong><em>κακώσεως</em></strong></span> <span class='ocrx_word' id='word_1_104' title='bbox 438 1945 472 2009; x_wconf 94' lang='lat' dir='ltr'>in</span> <span class='ocrx_word' id='word_1_105' title='bbox 492 1943 543 2008; x_wconf 91' lang='lat' dir='ltr'>ins</span> <span class='ocrx_word' id='word_1_106' title='bbox 562 1951 693 2009; x_wconf 84' lang='lat' dir='ltr'>vocatus</span> <span class='ocrx_word' id='word_1_107' title='bbox 713 1952 761 2009; x_wconf 91' lang='lat' dir='ltr'>est</span> <span class='ocrx_word' id='word_1_108' title='bbox 774 1942 811 2031; x_wconf 83' lang='lat'>⁸).</span> <span class='ocrx_word' id='word_1_109' title='bbox 856 1943 905 2008; x_wconf 84' lang='lat' dir='ltr'>En</span> <span class='ocrx_word' id='word_1_110' title='bbox 926 1943 967 2008; x_wconf 88' lang='lat' dir='ltr'>iis</span> <span class='ocrx_word' id='word_1_111' title='bbox 986 1950 1095 2010; x_wconf 84' lang='lat' dir='ltr'>autem</span> <span class='ocrx_word' id='word_1_112' title='bbox 1115 1963 1196 2029; x_wconf 84' lang='lat' dir='ltr'>quac</span> <span class='ocrx_word' id='word_1_113' title='bbox 1217 1945 1250 2008; x_wconf 94' lang='lat' dir='ltr'>in</span> <span class='ocrx_word' id='word_1_114' title='bbox 1269 1962 1307 2009; x_wconf 87' lang='lat' dir='ltr'>ea</span> 
     </span>
     <span class='ocr_line' id='line_1_15' title="bbox 123 2062 1305 2152; baseline 0.003 -24"><span class='ocrx_word' id='word_1_115' title='bbox 123 2062 206 2128; x_wconf 88' lang='lat' dir='ltr'>lsaei</span> <span class='ocrx_word' id='word_1_116' title='bbox 237 2062 380 2130; x_wconf 86' lang='lat' dir='ltr'>oratione</span> <span class='ocrx_word' id='word_1_117' title='bbox 409 2064 552 2150; x_wconf 79' lang='lat' dir='ltr'>proxime</span> <span class='ocrx_word' id='word_1_118' title='bbox 576 2071 756 2149; x_wconf 88' lang='lat' dir='ltr'>sequuntur</span> <span class='ocrx_word' id='word_1_119' title='bbox 779 2071 912 2152; x_wconf 89' lang='lat' dir='ltr'>apparet</span> <span class='ocrx_word' id='word_1_120' title='bbox 936 2072 1121 2132; x_wconf 88' lang='lat' dir='ltr'>tutorem</span> <span class='ocrx_word' id='word_1_121' title='bbox 1145 2063 1305 2131; x_wconf 84' lang='lat' dir='ltr'>damna·</span> 
     </span>
     <span class='ocr_line' id='line_1_16' title="bbox 122 2185 700 2273; baseline 0.002 -23"><span class='ocrx_word' id='word_1_122' title='bbox 122 2194 209 2250; x_wconf 93' lang='lat' dir='ltr'>tum</span> <span class='ocrx_word' id='word_1_123' title='bbox 235 2204 253 2250; x_wconf 86' lang='lat' dir='ltr'>a</span> <span class='ocrx_word' id='word_1_124' title='bbox 277 2185 415 2252; x_wconf 86' lang='lat' dir='ltr'>tutela</span> <span class='ocrx_word' id='word_1_125' title='bbox 438 2185 700 2273; x_wconf 67' lang='lat' dir='ltr'>remo&#39;veri4).</span> 
     </span>
    </p>

    <p class='ocr_par' dir='ltr' id='par_1_3' title="bbox 117 2305 1305 2514">
     <span class='ocr_line' id='line_1_17' title="bbox 163 2305 1304 2394; baseline 0 -23"><span class='ocrx_word' id='word_1_126' title='bbox 163 2305 230 2371; x_wconf 90' lang='lat' dir='ltr'>lam</span> <span class='ocrx_word' id='word_1_127' title='bbox 263 2307 390 2392; x_wconf 84' lang='lat' dir='ltr'>saepius</span> <span class='ocrx_word' id='word_1_128' title='bbox 423 2305 490 2373; x_wconf 84' lang='lat' dir='ltr'>diri</span> <span class='ocrx_word' id='word_1_129' title='bbox 521 2307 560 2374; x_wconf 90' lang='lat' dir='ltr'>de</span> <span class='ocrx_word' id='word_1_130' title='bbox 583 2307 652 2394; x_wconf 81' lang='lat' dir='ltr'>lege</span> <span class='ocrx_word' id='word_1_131' title='bbox 676 2327 757 2393; x_wconf 89' lang='lat' dir='ltr'>quae</span> <span class='ocrx_word' id='word_1_132' title='bbox 781 2306 907 2373; x_wconf 83' lang='lat' dir='ltr'>vetabat</span> <span class='ocrx_word' id='word_1_133' title='bbox 931 2326 970 2371; x_wconf 90' lang='lat' dir='ltr'>ne</span> <span class='ocrx_word' id='word_1_134' title='bbox 994 2307 1171 2388; x_wconf 69' lang='grc' dir='ltr'><em>ἑταιρήσεως</em></span> <span class='ocrx_word' id='word_1_135' title='bbox 1195 2309 1304 2391; x_wconf 67' lang='grc' dir='ltr'><strong><em>γραφὴ</em></strong></span> 
     </span>
     <span class='ocr_line' id='line_1_18' title="bbox 117 2425 1305 2514; baseline 0.003 -24"><span class='ocrx_word' id='word_1_136' title='bbox 117 2426 160 2491; x_wconf 89' lang='lat' dir='ltr'>sit</span> <span class='ocrx_word' id='word_1_137' title='bbox 183 2435 296 2492; x_wconf 84' lang='lat' dir='ltr'>contra</span> <span class='ocrx_word' id='word_1_138' title='bbox 319 2427 426 2514; x_wconf 90' lang='lat' dir='ltr'>ipsum</span> <span class='ocrx_word' id='word_1_139' title='bbox 452 2448 606 2514; x_wconf 90' lang='lat' dir='ltr'>puerum,</span> <span class='ocrx_word' id='word_1_140' title='bbox 628 2447 724 2514; x_wconf 88' lang='lat' dir='ltr'>quem</span> <span class='ocrx_word' id='word_1_141' title='bbox 744 2436 836 2514; x_wconf 84' lang='lat' dir='ltr'>pater</span> <span class='ocrx_word' id='word_1_142' title='bbox 856 2435 912 2494; x_wconf 87' lang='lat' dir='ltr'>aut</span> <span class='ocrx_word' id='word_1_143' title='bbox 930 2425 1031 2493; x_wconf 85' lang='lat' dir='ltr'>irater</span> <span class='ocrx_word' id='word_1_144' title='bbox 1050 2434 1107 2492; x_wconf 86' lang='lat' dir='ltr'>aut</span> <span class='ocrx_word' id='word_1_145' title='bbox 1127 2427 1305 2494; x_wconf 85' lang='lat' dir='ltr'>avunculus</span> 
     </span>
    </p>
   </div>
   <div class='ocr_carea' id='block_1_3' title="bbox 113 2548 1305 2973">
    <p class='ocr_par' dir='ltr' id='par_1_4' title="bbox 113 2548 1305 2973">
     <span class='ocr_line' id='line_1_19' title="bbox 117 2548 1305 2642; baseline 0.001 -31"><span class='ocrx_word' id='word_1_146' title='bbox 117 2554 174 2611; x_wconf 89' lang='lat' dir='ltr'>aut</span> <span class='ocrx_word' id='word_1_147' title='bbox 199 2554 319 2614; x_wconf 89' lang='lat' dir='ltr'>tutor</span> <span class='ocrx_word' id='word_1_148' title='bbox 346 2550 566 2635; x_wconf 76' lang='lat' dir='ltr'>prostituerit,</span> <span class='ocrx_word' id='word_1_149' title='bbox 591 2558 630 2615; x_wconf 90' lang='lat' dir='ltr'>et</span> <span class='ocrx_word' id='word_1_150' title='bbox 653 2548 828 2615; x_wconf 84' lang='lat' dir='ltr'>iubebat</span> <span class='ocrx_word' id='word_1_151' title='bbox 851 2568 938 2613; x_wconf 87' lang='lat' dir='ltr'>cam</span> <span class='ocrx_word' id='word_1_152' title='bbox 962 2549 1305 2642; x_wconf 84' lang='lat' dir='ltr'>actioneminsti·</span> 
     </span>
     <span class='ocr_line' id='line_1_20' title="bbox 116 2667 1303 2755; baseline 0.004 -25"><span class='ocrx_word' id='word_1_153' title='bbox 116 2667 180 2731; x_wconf 94' lang='lat' dir='ltr'>tui</span> <span class='ocrx_word' id='word_1_154' title='bbox 214 2676 364 2732; x_wconf 87' lang='lat' dir='ltr'>contra</span> <span class='ocrx_word' id='word_1_155' title='bbox 394 2687 460 2734; x_wconf 90' lang='lat' dir='ltr'>eos</span> <span class='ocrx_word' id='word_1_156' title='bbox 490 2671 560 2754; x_wconf 92' lang='lat' dir='ltr'>qui</span> <span class='ocrx_word' id='word_1_157' title='bbox 592 2668 708 2735; x_wconf 91' lang='lat' dir='ltr'>ilium</span> <span class='ocrx_word' id='word_1_158' title='bbox 740 2669 787 2734; x_wconf 90' lang='lat' dir='ltr'>ad</span> <span class='ocrx_word' id='word_1_159' title='bbox 818 2688 993 2755; x_wconf 87' lang='lat' dir='ltr'>corpore</span> <span class='ocrx_word' id='word_1_160' title='bbox 1020 2667 1206 2734; x_wconf 82' lang='lat' dir='ltr'>mercede</span> <span class='ocrx_word' id='word_1_161' title='bbox 1228 2688 1303 2735; x_wconf 88' lang='lat' dir='ltr'>me·</span> 
     </span>
     <span class='ocr_line' id='line_1_21' title="bbox 113 2786 1302 2875; baseline 0.004 -24"><span class='ocrx_word' id='word_1_162' title='bbox 113 2786 286 2854; x_wconf 88' lang='lat' dir='ltr'>rendum</span> <span class='ocrx_word' id='word_1_163' title='bbox 306 2787 519 2863; x_wconf 84' lang='lat' dir='ltr'>clocarint</span> <span class='ocrx_word' id='word_1_164' title='bbox 539 2797 606 2856; x_wconf 86' lang='lat' dir='ltr'>aut</span> <span class='ocrx_word' id='word_1_165' title='bbox 625 2789 958 2875; x_wconf 70' lang='lat' dir='ltr'>conduxerinti).</span> <span class='ocrx_word' id='word_1_166' title='bbox 989 2788 1077 2855; x_wconf 83' lang='lat' dir='ltr'>Hanc</span> <span class='ocrx_word' id='word_1_167' title='bbox 1096 2788 1196 2874; x_wconf 85' lang='lat' dir='ltr'>igitur</span> <span class='ocrx_word' id='word_1_168' title='bbox 1216 2809 1302 2856; x_wconf 88' lang='lat' dir='ltr'>nuno</span> 
     </span>
     <span class='ocr_line' id='line_1_22' title="bbox 115 2909 238 2973; baseline 0 0"><span class='ocrx_word' id='word_1_169' title='bbox 115 2909 238 2973; x_wconf 94' lang='lat' dir='ltr'>omitto.</span> 
     </span>
    </p>
   </div>
   <div class='ocr_carea' id='block_1_4' title="bbox 110 3028 1302 3721">
    <p class='ocr_par' dir='ltr' id='par_1_5' title="bbox 110 3028 1302 3599">
     <span class='ocr_line' id='line_1_23' title="bbox 158 3028 1300 3117; baseline 0.004 -23"><span class='ocrx_word' id='word_1_170' title='bbox 158 3028 304 3095; x_wconf 79' lang='lat' dir='ltr'>tinctorio</span> <span class='ocrx_word' id='word_1_171' title='bbox 323 3028 430 3095; x_wconf 87' lang='lat' dir='ltr'>ardori</span> <span class='ocrx_word' id='word_1_172' title='bbox 451 3049 564 3096; x_wconf 90' lang='lat' dir='ltr'>censeo</span> <span class='ocrx_word' id='word_1_173' title='bbox 584 3030 693 3097; x_wconf 88' lang='lat' dir='ltr'>deberi</span> <span class='ocrx_word' id='word_1_174' title='bbox 713 3031 794 3097; x_wconf 86' lang='lat' dir='ltr'>isaei</span> <span class='ocrx_word' id='word_1_175' title='bbox 812 3031 1027 3096; x_wconf 81' lang='lat' dir='ltr'>narrationem</span> <span class='ocrx_word' id='word_1_176' title='bbox 1040 3028 1300 3117; x_wconf 83' lang='lat' dir='ltr'>deliioaeogene‚</span> 
     </span>
     <span class='ocr_line' id='line_1_24' title="bbox 113 3148 1302 3239; baseline 0.003 -25"><span class='ocrx_word' id='word_1_177' title='bbox 113 3151 169 3235; x_wconf 88' lang='lat' dir='ltr'>qni</span> <span class='ocrx_word' id='word_1_178' title='bbox 200 3148 358 3235; x_wconf 89' lang='lat' dir='ltr'>pupillum</span> <span class='ocrx_word' id='word_1_179' title='bbox 386 3169 482 3216; x_wconf 89' lang='lat' dir='ltr'>snum</span> <span class='ocrx_word' id='word_1_180' title='bbox 505 3171 564 3239; x_wconf 89' lang='lat' dir='ltr'>pro</span> <span class='ocrx_word' id='word_1_181' title='bbox 588 3152 697 3219; x_wconf 86' lang='lat' dir='ltr'>calone</span> <span class='ocrx_word' id='word_1_182' title='bbox 720 3151 843 3218; x_wconf 84' lang='lat' dir='ltr'>addidit</span> <span class='ocrx_word' id='word_1_183' title='bbox 868 3150 1040 3218; x_wconf 89' lang='lat' dir='ltr'>Harmodio</span> <span class='ocrx_word' id='word_1_184' title='bbox 1062 3149 1155 3216; x_wconf 83' lang='lat' dir='ltr'>fratri</span> <span class='ocrx_word' id='word_1_185' title='bbox 1179 3172 1237 3218; x_wconf 90' lang='lat' dir='ltr'>suo</span> <span class='ocrx_word' id='word_1_186' title='bbox 1258 3151 1302 3218; x_wconf 84' lang='lat' dir='ltr'>ed</span> 
     </span>
     <span class='ocr_line' id='line_1_25' title="bbox 111 3260 1300 3362; baseline 0.003 -28"><span class='ocrx_word' id='word_1_187' title='bbox 111 3269 308 3335; x_wconf 89' lang='lat' dir='ltr'>corinthium</span> <span class='ocrx_word' id='word_1_188' title='bbox 331 3260 450 3335; x_wconf 86' lang='lat' dir='ltr'>beilum</span> <span class='ocrx_word' id='word_1_189' title='bbox 475 3271 690 3356; x_wconf 87' lang='lat' dir='ltr'>proficiscenti</span> <span class='ocrx_word' id='word_1_190' title='bbox 701 3274 743 3362; x_wconf 68' lang='grc'>6);</span> <span class='ocrx_word' id='word_1_191' title='bbox 767 3274 820 3338; x_wconf 87' lang='lat' dir='ltr'>vix</span> <span class='ocrx_word' id='word_1_192' title='bbox 843 3274 930 3341; x_wconf 87' lang='lat' dir='ltr'>cuim</span> <span class='ocrx_word' id='word_1_193' title='bbox 953 3271 1035 3338; x_wconf 90' lang='lat' dir='ltr'>mihi</span> <span class='ocrx_word' id='word_1_194' title='bbox 1055 3271 1230 3360; x_wconf 84' lang='lat' dir='ltr'>persuadeo</span> <span class='ocrx_word' id='word_1_195' title='bbox 1250 3280 1300 3337; x_wconf 89' lang='lat' dir='ltr'>tu·</span> 
     </span>
     <span class='ocr_line' id='line_1_26' title="bbox 110 3391 1299 3481; baseline 0.002 -26"><span class='ocrx_word' id='word_1_196' title='bbox 110 3391 174 3456; x_wconf 90' lang='lat' dir='ltr'>tori</span> <span class='ocrx_word' id='word_1_197' title='bbox 205 3398 327 3457; x_wconf 84' lang='lat' dir='ltr'>tantam</span> <span class='ocrx_word' id='word_1_198' title='bbox 359 3398 549 3476; x_wconf 82' lang='lat' dir='ltr'>potestatem</span> <span class='ocrx_word' id='word_1_199' title='bbox 583 3395 616 3460; x_wconf 90' lang='lat' dir='ltr'>iu</span> <span class='ocrx_word' id='word_1_200' title='bbox 640 3394 797 3481; x_wconf 83' lang='lat' dir='ltr'>pupillum</span> <span class='ocrx_word' id='word_1_201' title='bbox 823 3394 931 3460; x_wconf 83' lang='lat' dir='ltr'>datam</span> <span class='ocrx_word' id='word_1_202' title='bbox 954 3393 1073 3471; x_wconf 87' lang='lat' dir='ltr'>inisse,</span> <span class='ocrx_word' id='word_1_203' title='bbox 1099 3401 1135 3459; x_wconf 91' lang='lat' dir='ltr'>ut</span> <span class='ocrx_word' id='word_1_204' title='bbox 1159 3413 1195 3460; x_wconf 93' lang='lat' dir='ltr'>eo</span> <span class='ocrx_word' id='word_1_205' title='bbox 1218 3401 1299 3462; x_wconf 85' lang='lat' dir='ltr'>tarn·</span> 
     </span>
     <span class='ocr_line' id='line_1_27' title="bbox 112 3513 538 3599; baseline 0.002 -22"><span class='ocrx_word' id='word_1_206' title='bbox 112 3530 210 3597; x_wconf 82' lang='lat' dir='ltr'>quam</span> <span class='ocrx_word' id='word_1_207' title='bbox 233 3531 325 3578; x_wconf 87' lang='lat' dir='ltr'>servo</span> <span class='ocrx_word' id='word_1_208' title='bbox 347 3513 396 3578; x_wconf 88' lang='lat' dir='ltr'>uti</span> <span class='ocrx_word' id='word_1_209' title='bbox 420 3523 538 3599; x_wconf 89' lang='lat' dir='ltr'>posset.</span> 
     </span>
    </p>

    <p class='ocr_par' dir='ltr' id='par_1_6' title="bbox 155 3631 1297 3721">
     <span class='ocr_line' id='line_1_28' title="bbox 155 3631 1297 3721; baseline 0.002 -23"><span class='ocrx_word' id='word_1_210' title='bbox 155 3632 277 3698; x_wconf 87' lang='lat' dir='ltr'>Rerum</span> <span class='ocrx_word' id='word_1_211' title='bbox 311 3641 419 3698; x_wconf 89' lang='lat' dir='ltr'>tamen</span> <span class='ocrx_word' id='word_1_212' title='bbox 455 3642 571 3701; x_wconf 84' lang='lat' dir='ltr'>natura</span> <span class='ocrx_word' id='word_1_213' title='bbox 606 3633 668 3700; x_wconf 88' lang='lat' dir='ltr'>iert</span> <span class='ocrx_word' id='word_1_214' title='bbox 705 3643 740 3700; x_wconf 89' lang='lat' dir='ltr'>ut</span> <span class='ocrx_word' id='word_1_215' title='bbox 777 3635 962 3720; x_wconf 89' lang='lat' dir='ltr'>saepissime</span> <span class='ocrx_word' id='word_1_216' title='bbox 987 3634 1018 3698; x_wconf 93' lang='lat' dir='ltr'>in</span> <span class='ocrx_word' id='word_1_217' title='bbox 1043 3631 1156 3721; x_wconf 92' lang='lat' dir='ltr'>pupilli</span> <span class='ocrx_word' id='word_1_218' title='bbox 1184 3633 1297 3721; x_wconf 90' lang='lat' dir='ltr'>opibus</span> 
     </span>
    </p>
   </div>
   <div class='ocr_carea' id='block_1_5' title="bbox 110 3877 1299 4576">
    <p class='ocr_par' dir='ltr' id='par_1_7' title="bbox 111 3877 1299 4039">
     <span class='ocr_line' id='line_1_29' title="bbox 147 3877 1299 3957; baseline -0.002 -22"><span class='ocrx_word' id='word_1_219' title='bbox 147 3887 178 3955; x_wconf 97' lang='grc'>1)</span> <span class='ocrx_word' id='word_1_220' title='bbox 206 3889 239 3936; x_wconf 84' lang='lat' dir='ltr'>Is.</span> <span class='ocrx_word' id='word_1_221' title='bbox 267 3884 307 3938; x_wconf 87' lang='lat' dir='ltr'>de</span> <span class='ocrx_word' id='word_1_222' title='bbox 330 3887 410 3957; x_wconf 75' lang='lat' dir='ltr'>[lagu.</span> <span class='ocrx_word' id='word_1_223' title='bbox 437 3885 490 3939; x_wconf 85' lang='lat' dir='ltr'>her.</span> <span class='ocrx_word' id='word_1_224' title='bbox 520 3904 544 3957; x_wconf 85' lang='lat' dir='ltr'>p.</span> <span class='ocrx_word' id='word_1_225' title='bbox 555 3888 605 3952; x_wconf 84' lang='grc'>86,</span> <span class='ocrx_word' id='word_1_226' title='bbox 632 3888 714 3955; x_wconf 74' lang='lat'>§272</span> <span class='ocrx_word' id='word_1_227' title='bbox 736 3886 834 3954; x_wconf 69' lang='grc' dir='ltr'><strong><em>οὐγὰρ</em></strong></span> <span class='ocrx_word' id='word_1_228' title='bbox 853 3877 924 3937; x_wconf 68' lang='grc' dir='ltr'><strong><em>εἶναι</em></strong></span> <span class='ocrx_word' id='word_1_229' title='bbox 940 3888 998 3943; x_wconf 62' lang='grc' dir='ltr'>τοῖς</span> <span class='ocrx_word' id='word_1_230' title='bbox 1016 3884 1228 3952; x_wconf 57' lang='lat' dir='ltr'>manutenendo</span> <span class='ocrx_word' id='word_1_231' title='bbox 1244 3883 1299 3934; x_wconf 75' lang='grc' dir='ltr'>τῶι</span> 
     </span>
     <span class='ocr_line' id='line_1_30' title="bbox 111 3971 272 4039; baseline 0.037 -20"><span class='ocrx_word' id='word_1_232' title='bbox 111 3971 272 4039; x_wconf 65' lang='grc' dir='ltr'><strong><em>ἐπιτρόπων.</em></strong></span> 
     </span>
    </p>

    <p class='ocr_par' dir='ltr' id='par_1_8' title="bbox 110 4055 1296 4220">
     <span class='ocr_line' id='line_1_31' title="bbox 146 4055 1296 4136; baseline 0.003 -28"><span class='ocrx_word' id='word_1_233' title='bbox 146 4058 177 4127; x_wconf 80' lang='lat'>2)</span> <span class='ocrx_word' id='word_1_234' title='bbox 196 4056 228 4108; x_wconf 91' lang='lat' dir='ltr'>de</span> <span class='ocrx_word' id='word_1_235' title='bbox 246 4055 343 4131; x_wconf 89' lang='lat' dir='ltr'>quihus</span> <span class='ocrx_word' id='word_1_236' title='bbox 359 4057 505 4111; x_wconf 84' lang='lat' dir='ltr'>actionibus</span> <span class='ocrx_word' id='word_1_237' title='bbox 520 4055 564 4112; x_wconf 87' lang='lat' dir='ltr'>off.</span> <span class='ocrx_word' id='word_1_238' title='bbox 584 4059 659 4114; x_wconf 80' lang='lat' dir='ltr'>dicier</span> <span class='ocrx_word' id='word_1_239' title='bbox 677 4060 732 4113; x_wconf 89' lang='lat' dir='ltr'>und</span> <span class='ocrx_word' id='word_1_240' title='bbox 751 4059 909 4128; x_wconf 83' lang='lat' dir='ltr'>Schoeman‚</span> <span class='ocrx_word' id='word_1_241' title='bbox 928 4060 974 4115; x_wconf 90' lang='lat' dir='ltr'>der</span> <span class='ocrx_word' id='word_1_242' title='bbox 992 4071 1039 4116; x_wconf 83' lang='lat' dir='ltr'>att.</span> <span class='ocrx_word' id='word_1_243' title='bbox 1057 4079 1122 4136; x_wconf 89' lang='lat' dir='ltr'>proc.</span> <span class='ocrx_word' id='word_1_244' title='bbox 1142 4081 1166 4135; x_wconf 93' lang='lat' dir='ltr'>p.</span> <span class='ocrx_word' id='word_1_245' title='bbox 1178 4062 1231 4116; x_wconf 75' lang='lat'>291</span> <span class='ocrx_word' id='word_1_246' title='bbox 1242 4078 1296 4135; x_wconf 87' lang='lat' dir='ltr'>sqq.</span> 
     </span>
     <span class='ocr_line' id='line_1_32' title="bbox 110 4143 546 4220; baseline 0.009 -23"><span class='ocrx_word' id='word_1_247' title='bbox 110 4143 230 4212; x_wconf 71' lang='lat' dir='ltr'>Plutum,</span> <span class='ocrx_word' id='word_1_248' title='bbox 246 4144 292 4198; x_wconf 87' lang='lat' dir='ltr'>der</span> <span class='ocrx_word' id='word_1_249' title='bbox 307 4164 373 4217; x_wconf 87' lang='lat' dir='ltr'>proc.</span> <span class='ocrx_word' id='word_1_250' title='bbox 390 4150 428 4214; x_wconf 84' lang='lat'>11,</span> <span class='ocrx_word' id='word_1_251' title='bbox 448 4166 472 4220; x_wconf 92' lang='lat' dir='ltr'>p.</span> <span class='ocrx_word' id='word_1_252' title='bbox 483 4149 546 4201; x_wconf 81' lang='lat'><strong>285.</strong></span> 
     </span>
    </p>

    <p class='ocr_par' dir='ltr' id='par_1_9' title="bbox 146 4234 736 4317">
     <span class='ocr_line' id='line_1_33' title="bbox 146 4234 736 4317; baseline 0.005 -29"><span class='ocrx_word' id='word_1_253' title='bbox 146 4237 177 4304; x_wconf 87' lang='grc'>3)</span> <span class='ocrx_word' id='word_1_254' title='bbox 196 4238 229 4288; x_wconf 82' lang='lat' dir='ltr'>le.</span> <span class='ocrx_word' id='word_1_255' title='bbox 246 4234 268 4317; x_wconf 67' lang='lat' dir='ltr'>d.</span> <span class='ocrx_word' id='word_1_256' title='bbox 284 4234 301 4287; x_wconf 86' lang='lat' dir='ltr'>l.</span> <span class='ocrx_word' id='word_1_257' title='bbox 319 4254 343 4308; x_wconf 92' lang='lat' dir='ltr'>p.</span> <span class='ocrx_word' id='word_1_258' title='bbox 355 4238 404 4303; x_wconf 81' lang='lat'>85,</span> <span class='ocrx_word' id='word_1_259' title='bbox 421 4237 436 4305; x_wconf 79' lang='lat'>§</span> <span class='ocrx_word' id='word_1_260' title='bbox 453 4239 489 4289; x_wconf 87' lang='grc'>13</span> <span class='ocrx_word' id='word_1_261' title='bbox 509 4244 535 4289; x_wconf 78' lang='lat' dir='ltr'>et</span> <span class='ocrx_word' id='word_1_262' title='bbox 555 4256 578 4308; x_wconf 88' lang='lat' dir='ltr'>p.</span> <span class='ocrx_word' id='word_1_263' title='bbox 590 4240 637 4302; x_wconf 83' lang='grc'>87,</span> <span class='ocrx_word' id='word_1_264' title='bbox 658 4239 674 4306; x_wconf 82' lang='lat'>§</span> <span class='ocrx_word' id='word_1_265' title='bbox 694 4241 736 4291; x_wconf 85' lang='lat'>31.</span> 
     </span>
    </p>

    <p class='ocr_par' dir='ltr' id='par_1_10' title="bbox 146 4319 982 4395">
     <span class='ocr_line' id='line_1_34' title="bbox 146 4319 982 4395; baseline 0.012 -25"><span class='ocrx_word' id='word_1_266' title='bbox 146 4325 177 4392; x_wconf 72' lang='grc'>4)</span> <span class='ocrx_word' id='word_1_267' title='bbox 197 4323 223 4379; x_wconf 81' lang='grc' dir='ltr'>ἐξ</span> <span class='ocrx_word' id='word_1_268' title='bbox 241 4319 277 4372; x_wconf 83' lang='grc' dir='ltr'>ὧι</span> <span class='ocrx_word' id='word_1_269' title='bbox 291 4352 325 4360; x_wconf 93' lang='grc'>-</span> <span class='ocrx_word' id='word_1_270' title='bbox 342 4322 449 4390; x_wconf 67' lang='grc' dir='ltr'><strong><em>ἐλπίζει</em></strong></span> <span class='ocrx_word' id='word_1_271' title='bbox 466 4353 499 4361; x_wconf 92' lang='grc'><strong>-</strong></span> <span class='ocrx_word' id='word_1_272' title='bbox 514 4322 559 4385; x_wconf 75' lang='grc' dir='ltr'>ἐμὲ</span> <span class='ocrx_word' id='word_1_273' title='bbox 578 4329 626 4391; x_wconf 78' lang='grc' dir='ltr'>τῆς</span> <span class='ocrx_word' id='word_1_274' title='bbox 645 4327 793 4395; x_wconf 73' lang='grc' dir='ltr'><strong><em>ἐπιτροπῆς</em></strong></span> <span class='ocrx_word' id='word_1_275' title='bbox 809 4325 982 4386; x_wconf 71' lang='grc' dir='ltr'><strong><em>ἀπαλλάξειν.</em></strong></span> 
     </span>
    </p>

    <p class='ocr_par' dir='ltr' id='par_1_11' title="bbox 148 4413 813 4488">
     <span class='ocr_line' id='line_1_35' title="bbox 148 4413 813 4488; baseline 0.009 -24"><span class='ocrx_word' id='word_1_276' title='bbox 148 4416 178 4479; x_wconf 88' lang='grc'>5)</span> <span class='ocrx_word' id='word_1_277' title='bbox 199 4413 322 4468; x_wconf 63' lang='lat' dir='ltr'>Aesone.</span> <span class='ocrx_word' id='word_1_278' title='bbox 343 4413 409 4466; x_wconf 87' lang='lat' dir='ltr'>Tim.</span> <span class='ocrx_word' id='word_1_279' title='bbox 429 4416 497 4486; x_wconf 78' lang='lat' dir='ltr'>pa,</span> <span class='ocrx_word' id='word_1_280' title='bbox 518 4415 532 4482; x_wconf 57' lang='grc' dir='ltr'>ᾗ</span> <span class='ocrx_word' id='word_1_281' title='bbox 553 4417 587 4466; x_wconf 90' lang='grc'>13</span> <span class='ocrx_word' id='word_1_282' title='bbox 607 4424 633 4468; x_wconf 87' lang='lat' dir='ltr'>et</span> <span class='ocrx_word' id='word_1_283' title='bbox 652 4421 717 4488; x_wconf 75' lang='lat' dir='ltr'>pa,</span> <span class='ocrx_word' id='word_1_284' title='bbox 739 4420 753 4487; x_wconf 57' lang='grc' dir='ltr'><em>ᾗ</em></span> <span class='ocrx_word' id='word_1_285' title='bbox 772 4421 813 4474; x_wconf 85' lang='grc'>18.</span> 
     </span>
    </p>

    <p class='ocr_par' dir='ltr' id='par_1_12' title="bbox 146 4501 691 4576">
     <span class='ocr_line' id='line_1_36' title="bbox 146 4501 691 4576; baseline 0.015 -24"><span class='ocrx_word' id='word_1_286' title='bbox 146 4503 177 4571; x_wconf 87' lang='grc'>6)</span> <span class='ocrx_word' id='word_1_287' title='bbox 198 4507 228 4556; x_wconf 88' lang='lat' dir='ltr'>is.</span> <span class='ocrx_word' id='word_1_288' title='bbox 248 4503 280 4558; x_wconf 89' lang='lat' dir='ltr'>de</span> <span class='ocrx_word' id='word_1_289' title='bbox 299 4503 414 4575; x_wconf 76' lang='lat' dir='ltr'>Dicneog.</span> <span class='ocrx_word' id='word_1_290' title='bbox 435 4501 487 4558; x_wconf 86' lang='lat' dir='ltr'>her.</span> <span class='ocrx_word' id='word_1_291' title='bbox 509 4522 531 4576; x_wconf 90' lang='lat' dir='ltr'>p.</span> <span class='ocrx_word' id='word_1_292' title='bbox 543 4507 592 4572; x_wconf 79' lang='lat'>51,</span> <span class='ocrx_word' id='word_1_293' title='bbox 613 4506 627 4572; x_wconf 65' lang='lat' dir='ltr'>t</span> <span class='ocrx_word' id='word_1_294' title='bbox 648 4509 691 4560; x_wconf 84' lang='lat'>11.</span> 
     </span>
    </p>
   </div>
   <div class='ocr_carea' id='block_1_6' title="bbox 0 0 1426 5018">
    <p class='ocr_par' dir='ltr' id='par_1_13' title="bbox 0 0 1426 5018">
     <span class='ocr_line' id='line_1_37' title="bbox 0 0 1426 5018; baseline 0 3"><span class='ocrx_word' id='word_1_295' title='bbox 0 0 1426 5018; x_wconf 95' lang='lat' dir='ltr'> </span> 
     </span>
    </p>
   </div>
  </div>
 </body>
</html>
