2842 5018
574 326 578 330 .
686 261 738 334 ,rc

118 444 309 530 gravissime
339 450 444 530 potest
471 440 645 508 discrimen
669 450 783 528 urget,
808 439 892 527 quod
916 443 1001 507 iuter
1024 437 1101 520 γόνῳ
1125 441 1192 507 sive
1216 415 1314 523 φόοεό

118 565 259 645 γονοόους
289 571 320 631 et
348 564 435 629 κοοτόο
458 563 509 628 τόν
532 563 643 642 decada
667 564 771 646 κυρίως
795 561 965 641 γεγονότος
990 559 1173 627 intercedit.
1221 559 1312 642 Quod

118 686 292 752 discrimen
312 682 407 770 quale
428 684 470 750 sit
489 690 599 769 postea
622 682 817 760 videbimus,
836 701 911 748 cum
934 680 973 748 de
992 680 1218 769 adoptatorum
1240 700 1312 746 con·

118 804 243 872 dicione
268 823 413 890 agemus.

161 924 296 1000 Γονοόοος
316 928 523 1011 opponuntur
542 923 634 1002 οόόοο,
654 925 720 991 ie.
742 923 833 989 nati
853 921 1126 1010 parentibus,
1148 924 1310 1009 quiunt

116 1043 1309 1127 iunctinonfuerintiustomatrimonioautiuuginon

116 1165 376 1250 potuissent.
423 1163 504 1231 Cum
535 1171 644 1232 autem
676 1162 893 1242 connubium,
925 1162 1010 1251 quod
1039 1183 1098 1250 pro
1122 1171 1307 1249 temporum

116 1283 240 1349 ratione
270 1284 396 1350 varium
428 1278 528 1350 luisse
552 1291 677 1352 constat
692 1284 738 1371 ¹),
765 1278 984 1351 necessarium
1007 1278 1085 1348 iusti
1110 1278 1308 1348 matrimonii

114 1402 360 1471 fundamentum
393 1404 454 1483 sit,
487 1404 585 1491 probe
616 1403 828 1471 discernenda
862 1411 938 1470 sunt
969 1410 1123 1489 tempora.
1184 1399 1306 1467 Solon

115 1544 184 1589 eos
210 1532 372 1590 tantum
397 1525 550 1591 nothos
571 1523 765 1604 dixerat,
791 1525 863 1610 qui
887 1501 981 1589 nati
1006 1529 1130 1589 erant
1151 1519 1198 1587 ex
1219 1540 1306 1588 con·

116 1643 285 1718 cubina;
308 1643 488 1710 nondum
507 1645 619 1709 enim
639 1643 905 1731 prohibitum
927 1650 1017 1708 erat
1037 1643 1306 1729 peregrinam

115 1762 290 1836 ducere;
315 1761 448 1828 Periclis
472 1763 557 1829 enim
583 1762 651 1849 lege
676 1782 739 1829 non
763 1783 843 1850 opus
865 1761 980 1830 fuisset
1004 1763 1037 1827 in
1061 1761 1194 1828 civitate
1217 1780 1255 1828 ea
1274 1764 1305 1828 iu

114 1901 177 1967 qua
202 1883 332 1948 omnino
356 1870 585 1950 vetitum¹erat
605 1884 812 1950 matrimonia
833 1903 907 1950 cum
929 1882 1109 1970 peregrinis
1129 1883 1230 1961 inire,
1249 1900 1304 1947 nec

112 2021 242 2069 necesse
272 2001 388 2069 fuisset
411 2022 525 2071 cavere
547 2003 618 2090 loge
641 2023 680 2070 ne
704 2004 948 2091 peregrinorum
972 2001 1065 2070 liberi
1089 2002 1212 2069 civium
1236 2002 1306 2069 iura

113 2121 315 2200 obtinerent,
350 2141 424 2188 oum
457 2142 493 2189 ea
526 2123 594 2189 sola
625 2123 831 2190 matrimonia
857 2123 941 2189 iusta
974 2130 1083 2189 essent
1114 2141 1198 2208 quae
1223 2122 1307 2188 inter

112 2243 198 2308 cives
220 2240 499 2308 contraherentur.
548 2242 675 2310 Solon
699 2242 853 2310 nothos
872 2250 1037 2310 tanturn
1058 2241 1306 2323 hereditate

111 2371 292 2446 paterna
316 2368 356 2426 et
380 2363 470 2428 iure
494 2355 769 2428 familiarum
794 2361 1069 2439 excluserat,
1103 2381 1182 2428 non
1207 2380 1305 2429 vero

111 2481 309 2554 civitate;
343 2481 414 2548 sed
446 2503 464 2547 a
497 2481 665 2549 Pericle
699 2484 956 2551 institutum
987 2491 1052 2549 est
1083 2489 1128 2548 ut
1160 2482 1190 2547 ii
1221 2488 1306 2548 tan-

111 2608 196 2666 tum
229 2620 274 2666 ex
309 2599 455 2667 nothis
490 2602 609 2668 cives
649 2602 778 2668 attici
812 2599 979 2679 forent,
1015 2602 1085 2688 qui
1121 2609 1304 2688 utroque

110 2728 289 2808 parente
323 2719 415 2785 cive
450 2720 591 2786 attico
625 2723 718 2786 nati
753 2729 909 2789 essent.
933 2756 980 2772 -··
1003 2720 1084 2787 lliuc
1108 2721 1208 2807 igitur
1232 2731 1306 2806 post

109 2838 243 2907 Periclis
274 2847 420 2926 tempora
453 2839 544 2906 nothi
577 2842 611 2906 in
638 2839 719 2907 duas
742 2839 861 2908 classes
885 2839 1091 2909 dividuntur:
1116 2841 1187 2928 qui
1210 2841 1306 2907 nati

69 3011 71 3014 >
110 2967 210 3027 sunt
233 2979 278 3027 ex
302 2960 545 3027 concubina
568 2961 661 3027 cire
684 2960 838 3039 attica,
862 2961 894 3026 ii
918 2961 1014 3028 iure
1037 2958 1306 3028 familiarum

109 3088 150 3147 et
173 3081 369 3168 paternis
393 3079 520 3146 honis
543 3088 770 3159 arcentur,
794 3080 864 3147 sed
888 3089 987 3148 sunt
1011 3081 1128 3148 cives
1151 3080 1307 3155 attiuh

109 3200 179 3286 qui
203 3216 301 3266 vero
325 3204 502 3266 matrem
523 3200 678 3268 habent
698 3203 971 3289 peregrinam
997 3214 1087 3269 cum
1113 3216 1192 3289 quc
1216 3219 1307 3269 con·

110 3318 282 3386 nichium
307 3327 491 3399 nonest,
514 3321 547 3386 ii
571 3331 802 3409 praeterea
825 3323 1016 3390 civitate
1039 3329 1201 3390 carent.

154 3438 243 3520 Quae
273 3438 312 3506 de
337 3439 461 3507 Solonis
481 3440 551 3528 lege
573 3440 640 3508 dixi
665 3442 819 3530 ampliore
843 3442 1117 3512 demonstratione
1139 3456 1236 3530 egere
1259 3445 1306 3510 vi·

109 3558 237 3628 dentur.
284 3562 330 3628 Ac
362 3562 505 3648 primum
537 3561 769 3650 Aristophanes
800 3565 833 3630 in
861 3564 982 3632 Anius
993 3564 1022 3654 ²)
1043 3579 1063 3633 e
1085 3559 1213 3632 Solonis
1234 3564 1307 3652 lege

109 3677 199 3772 νόόοος
224 3699 286 3748 non
310 3679 409 3750 luisse
432 3681 626 3764 όγχιοτεόον
648 3681 789 3751 ostendit
812 3682 891 3752 liaeo
915 3684 1043 3752 dicens:

268 3804 319 3884 ἐρῶ
344 3802 375 3868 δὲ
400 3803 435 3880 δὴ
459 3803 511 3870 noi
536 3804 587 3870 cdv
609 3803 745 3877 Σόλωνός
769 3829 814 3870 coc
838 3803 944 3885 νόμον·

154 3920 223 4005 udde
259 3923 290 3988 δὲ
325 3924 370 4002 μὶν
404 3920 480 3990 eloai
512 3924 706 4008 duginnaina
734 3924 851 3993 ποιόδων
882 3923 972 3992 όντων
1003 3927 1150 4006 γνησίων·
1182 3927 1236 3993 tuo
1272 3927 1305 3992 δὲ

111 4164 304 4174 ...ῳ-...-
