2842 5018
687 323 749 384 179

128 506 169 571 iis
192 506 376 593 mancipiis,
401 525 482 593 quac
507 506 569 572 iam
593 505 632 571 ab
656 508 724 592 ipso
743 502 902 572 Moeriade
920 503 959 569 ob
978 501 1192 589 quadraginta
1212 501 1315 565 minas

124 627 252 712 pignori
283 628 427 714 opposita
457 635 550 695 erant
573 625 796 693 Demosthenis
820 626 923 713 patri,
946 643 1021 690 cum
1045 623 1151 710 potius
1174 621 1244 687 eius
1266 619 1313 685 oi·

125 745 191 812 licii
214 745 345 826 luisset,
370 748 396 812 si
421 748 494 832 quis
517 746 599 812 alins
622 746 656 810 in
680 766 716 812 ea
739 746 909 834 pecuniam
933 741 1078 810 conferre
1097 741 1206 822 vellet,
1228 741 1312 807 buno

127 867 244 934 tutoris
268 846 396 934 nomine
421 865 640 953 prohibere1).

341 1109 374 1172 Β.
409 1108 460 1174 llc
483 1106 642 1194 pupilli
665 1108 924 1194 patrimonio
948 1105 1098 1171 locato.

168 1348 215 1414 lle
237 1355 345 1415 tutore
367 1356 425 1415 ant
447 1347 602 1416 archonte
624 1348 737 1436 pupilli
760 1349 990 1436 patrimonium
1010 1346 1153 1413 elocantc
1171 1363 1244 1410 com
1262 1351 1311 1408 cst

123 1488 244 1547 sermo,
275 1467 310 1534 hi
340 1469 495 1536 dicuntur
527 1469 578 1535 σθν
607 1467 685 1535 alnoo
715 1471 838 1549 μισθοῦν
850 1469 893 1559 ²);
916 1469 972 1556 qui
994 1466 1160 1543 conducit,
1182 1465 1310 1544 ε’μσσθθ·

121 1614 200 1657 σσισσ
213 1589 239 1680 ⁸)
260 1599 293 1658 et
313 1587 390 1664 σῖκσς
409 1592 478 1677 ipse
498 1591 644 1669 ἐμισθώθη
656 1591 694 1678 ⁴).
741 1590 805 1658 lles
824 1591 892 1676 ipsa
912 1595 1036 1665 autern,
1057 1586 1172 1653 locatio
1191 1582 1311 1652 condu-

123 1712 205 1790 ctio,
229 1713 373 1792 μίσθωσις
399 1712 586 1778 nominatur
598 1711 639 1798 ⁵).

168 1831 260 1898 blodo
287 1832 464 1921 vidimus⁸)
499 1841 660 1918 patrem
684 1833 874 1919 potuisse
897 1830 1092 1897 mandare
1118 1835 1160 1895 ut
1183 1829 1312 1915 patri·

126 1952 308 2017 monium
338 1952 592 2019 elocaretur.
640 1953 787 2019 Potuit
815 1961 955 2018 tamen
978 1968 1140 2037 quoquc
1163 1956 1311 2016 vetare

124 2089 174 2136 ne
202 2069 475 2161 locaretur⁷).
524 2072 647 2159 Ubique
676 2081 842 2160 praeterea
872 2073 1054 2138 testimonia
1083 2070 1310 2147 inveniuntur,

122 2190 242 2279 quibus
261 2190 422 2259 indicatur
441 2192 662 2260 tutoribus
682 2193 855 2260 licuisse
873 2191 1014 2280 pupilli
1029 2191 1309 2278 patrimonium

70 2307 74 2322 '
120 2313 240 2399 ipsos
258 2311 586 2392 administrare,
607 2313 792 2382 licuisse
812 2333 913 2380 vero
934 2332 1090 2400 quoque
1110 2310 1147 2376 id
1166 2311 1307 2379 locare.

119 2430 174 2500 Sic
197 2433 428 2502 Demosthenes
439 2433 480 2523 8);
506 2435 670 2503 »licuisset
694 2434 825 2522 Aphobo
847 2433 997 2501 omnibus
1017 2431 1068 2499 his
1086 2430 1242 2500 molestiis
1258 2453 1309 2500 ca·

118 2572 205 2632 rere,
224 2555 251 2620 si
272 2554 504 2642 patrimonium
525 2554 702 2623 secundum
722 2555 781 2621 has
801 2554 887 2641 leges
906 2554 1074 2620 locasset.”
1120 2551 1308 2620 Alteroloco

117 2674 284 2763 autem⁰):
309 2695 404 2762 »opes
427 2696 516 2743 meas
539 2696 558 2743 a
581 2677 743 2744 tutoribus
762 2675 845 2742 male
864 2674 1085 2742 administrari
1104 2693 1206 2760 neque
1226 2673 1307 2742 One·

116 2803 222 2863 torem
245 2815 348 2883 neque
369 2795 487 2864 multos
507 2797 586 2864 alios
605 2799 849 2867 Atheniensium
869 2796 975 2870 latuit;
996 2794 1051 2862 sed
1071 2796 1180 2862 statim
1200 2797 1306 2883 patuit

116 2916 272 2983 iniuriam
295 2916 375 2982 mibi
400 2916 484 2984 fieri:
512 2918 591 2986 adeo
612 2920 707 2986 multi
730 2937 894 2985 sermones
916 2925 986 2983 turn
1011 2916 1095 3002 apud
1118 2915 1305 2983 anebontem

115 3045 188 3104 tum
221 3036 305 3124 apud
335 3045 459 3105 ceteros
483 3038 601 3107 fiebant
624 3038 782 3106 derebus
806 3039 900 3113 meis;
925 3055 1000 3102 nam
1023 3043 1055 3101 et
1078 3034 1117 3100 dc
1140 3036 1304 3121 magnitu-

115 3155 190 3223 dine
222 3156 328 3223 relicti
359 3157 439 3222 mibi
470 3160 656 3246 patrimonii
689 3158 853 3227 constabat
881 3164 914 3224 et
943 3163 1067 3223 tutores
1094 3174 1158 3222 non
1180 3155 1304 3224 elocare

114 3276 248 3344 domum
269 3284 305 3343 ut
324 3277 386 3363 ipsi
405 3281 542 3364 pecunia
563 3278 749 3348 fruerentur
767 3299 830 3346 non
851 3277 1024 3346 obscurum
1044 3277 1148 3343 crat.''
1188 3275 1304 3367 Lysiae

151 3521 182 3588 1)
201 3536 224 3572 c.
244 3519 342 3592 Aphob.
365 3525 391 3587 l,
410 3541 434 3593 p.
445 3526 513 3590 822,
533 3525 602 3592 §22
622 3554 658 3564 -
677 3527 713 3577 Dc
729 3524 858 3579 industria
877 3522 980 3578 nullam
1000 3520 1127 3576 rohonem
1148 3516 1227 3573 habui
1246 3538 1302 3576 ora·

112 3607 192 3662 tionis
219 3609 340 3664 adversus
367 3611 507 3683 Aphobnm
530 3612 563 3665 de
585 3611 649 3666 salso
668 3612 828 3681 testimonio,
849 3613 945 3688 qnippe
959 3629 1026 3687 quae
1043 3631 1058 3665 a
1076 3608 1196 3684 plurimis
1212 3609 1301 3664 rectic-

112 3698 180 3752 sime
199 3698 363 3753 Demostheni
383 3699 533 3754 abiudicata
547 3701 590 3755 sit.

151 3789 182 3858 2)
200 3785 233 3840 dc
251 3797 352 3842 tutore:
372 3787 502 3842 Demosth.
521 3806 544 3842 c.
564 3787 663 3861 Aphob.
685 3793 711 3857 l,
731 3809 755 3862 p.
767 3793 836 3858 831,
855 3792 870 3861 §
889 3792 942 3858 58,
962 3794 1019 3865 bys.
1039 3807 1061 3843 c.
1082 3788 1176 3861 ningit.
1195 3791 1300 3862 pecc,

110 3878 127 3944 ᾗ
147 3878 200 3944 23;
214 3875 246 3930 dc
263 3876 397 3931 archonte:
418 3883 478 3932 leae.
497 3876 530 3930 de
549 3876 657 3931 Philoct.
677 3878 732 3933 hcr.
753 3882 870 3952 p.59‚§
890 3884 934 3934 36.

149 3968 180 4036 3)
199 3965 329 4020 Demosth.
348 3966 367 4021 l.
385 3965 405 4020 l.
425 3987 449 4040 p.
461 3969 528 4034 832,
549 3967 563 4034 §
584 3970 627 4020 58.

150 4057 181 4126 l)
199 4054 262 4108 ibid.

149 4148 179 4216 5)
199 4149 261 4199 laec.
281 4143 314 4197 de
332 4143 437 4199 ldenecl.
458 4144 510 4197 bcr.
530 4145 545 4213 d
568 4147 593 4197 9.

150 4237 181 4304 6)
200 4237 302 4306 p.178‚
323 4253 349 4287 n.
369 4240 394 4288 1.

149 4326 179 4393 7)
199 4321 329 4377 Demosth.
348 4341 370 4376 c.
392 4322 491 4396 Aphob.
511 4327 552 4390 ll,
572 4344 597 4397 p.
611 4326 679 4390 837,
700 4325 714 4392 d
736 4327 758 4376 7.

149 4415 179 4481 c)
199 4411 232 4466 io.
253 4431 275 4466 c.
295 4410 394 4486 apaan.
416 4416 442 4479 ι,
463 4431 485 4485 p.
498 4415 566 4478 831,
587 4415 601 4482 o
622 4416 665 4465 sn.

148 4503 179 4572 c)
199 4501 234 4556 id.
253 4500 309 4556 adr.
329 4505 404 4556 0nct.
426 4504 451 4570 1,
472 4520 495 4573 p.
507 4502 573 4570 865,
594 4504 608 4571 ᾗ
630 4506 654 4556 6.
