2842 5018
748 287 789 349 ut

174 472 370 565 censendum
402 479 467 550 est,
499 489 595 557 quam
629 472 656 536 si
688 480 796 536 orator
819 470 953 534 dixisset
976 466 1125 534 bieneclis
1151 465 1285 532 fratrem
1310 486 1368 552 pro

127 634 129 639 ι
173 613 230 659 suo
256 612 334 677 erga
357 590 459 657 filium
485 593 618 657 unicum
643 609 752 656 amore
776 589 927 654 omnibus
951 587 1054 653 modis
1078 585 1211 653 Menecii
1235 605 1368 672 persua·

172 712 248 778 dere
271 719 464 777 conaturum
486 708 603 788 inisse,
632 719 712 775 uta
735 708 792 774 tali
813 707 945 774 consilio
969 706 1162 785 abstineret,
1186 708 1214 770 si
1238 706 1369 790 quando

171 830 273 896 filium
295 830 447 916 adoptare
466 829 570 896 vellet.
619 830 656 895 In
675 837 841 895 oratorum
861 828 948 893 enim
970 827 1235 913 interpretatione
1256 828 1366 893 omnia

171 970 298 1037 semper
320 946 564 1043 accuratissime
588 956 664 1015 sunt
688 947 910 1034 expendenda;
933 947 1012 1032 ipsis
1031 945 1156 1032 iegibus
1176 947 1366 1034 saepissime

170 1070 360 1137 abutuntur.
407 1042 518 1156 itaque
549 1088 589 1135 ne
620 1089 657 1135 ex
685 1068 743 1134 boc
768 1067 897 1153 quidem
923 1068 990 1134 loco
1012 1065 1096 1132 effici
1119 1074 1224 1154 potest
1248 1085 1364 1154 paren-

169 1199 241 1257 tum
265 1200 323 1256 aut
346 1189 445 1269 κυρίου
468 1207 660 1254 eonsensum
686 1188 902 1253 necessarium
926 1185 1044 1265 fuisse,
1070 1206 1146 1252 cum
1170 1186 1243 1253 aiiis
1268 1187 1363 1263 loeis,

170 1310 225 1376 ubi
249 1314 353 1394 magis
377 1317 525 1375 versatur
547 1315 655 1373 orator
678 1308 711 1373 in
736 1307 832 1373 rebus
851 1305 1042 1373 enarrandis
1063 1325 1166 1393 neque
1186 1305 1219 1372 id
1238 1308 1308 1392 agit
1328 1313 1363 1372 nt

169 1430 354 1496 auditorum
384 1430 508 1494 animos
538 1426 668 1505 efferat,
699 1426 780 1492 nibil
810 1426 849 1492 de
880 1446 916 1492 co
947 1445 1105 1492 consensu
1136 1425 1258 1502 tradat;
1284 1425 1363 1491 mibi

170 1557 277 1616 autem
309 1547 471 1635 probabile
500 1547 627 1613 ridetur
657 1548 764 1633 potius
794 1546 971 1613 honestatis
1001 1567 1099 1633 quam
1122 1546 1203 1632 tegis
1227 1547 1362 1613 institn-

168 1677 240 1734 tum
264 1667 380 1745 inisse,
412 1669 439 1732 si
463 1668 535 1754 quis
558 1666 598 1733 ab
621 1665 722 1733 altero
745 1665 848 1732 fitium
874 1669 907 1731 in
932 1686 1024 1734 suam
1048 1666 1180 1732 domum
1205 1666 1362 1753 adoptan-

169 1787 245 1854 dum
272 1795 404 1874 peteret.

297 1967 328 2032 G.
355 1968 406 2033 De
433 1966 619 2053 reliquis
641 1968 866 2033 institutis
890 1966 936 2031 ad
961 1966 1228 2053 adopt-ionem

590 2086 928 2172 pertinentibus.

213 2267 256 2332 Si
289 2269 380 2353 qnis
411 2267 555 2331 fitium
585 2266 831 2351 adoptasset
854 2274 895 2331 et
919 2265 966 2331 ad
990 2285 1030 2331 se
1062 2268 1301 2351 recepisset
1324 2269 1361 2332 ei

166 2386 399 2453 curandum
429 2395 540 2464 erat,
573 2394 614 2450 ut
643 2405 785 2451 omnes
820 2405 995 2470 quorum
1021 2385 1060 2449 id
1086 2387 1201 2452 scire
1225 2388 1361 2453 inter-

165 2516 279 2573 esset
312 2506 440 2572 hui-us
467 2506 718 2591 adoptionis
750 2508 966 2572 certiores
993 2505 1172 2580 fierent;
1203 2505 1283 2572 buc
1308 2505 1361 2572 ia·

165 2627 224 2692 cit
271 2645 374 2691 cura
417 2634 462 2692 ut
497 2628 537 2690 in
573 2624 792 2711 phratrias
833 2633 872 2691 et
908 2625 1046 2690 demos
1085 2626 1361 2692 inducantur.

164 2744 268 2826 Quem
307 2764 429 2811 morem
462 2753 499 2810 ut
530 2745 729 2832 explicemus
758 2766 795 2811 ex
828 2754 938 2812 nostra
969 2744 1202 2811 consuetudine
1233 2753 1361 2811 veteres

163 2865 267 2951 ipsos·
288 2873 386 2930 testes
417 2863 605 2931 citabimus:
638 2864 847 2950 Apollodorus
877 2864 1071 2954 Thrasyium
1104 2864 1222 2930 sororis
1255 2863 1362 2931 titium

163 2984 369 3070 adoptaverat
382 2984 427 3070 ¹),
459 2986 515 3070 qui
547 2985 615 3070 ipse
647 3005 684 3051 ea
715 3004 798 3070 quae
825 2987 859 3049 in
884 2985 1052 3071 adoptione
1076 3005 1134 3050 sna
1157 2983 1242 3051 facta
1266 2994 1360 3051 erant

161 3103 221 3170 boc
253 3103 347 3169 modo
375 3104 538 3170 iudicibus
568 3114 717 3170 enarrat:
748 3104 977 3190 »Apollodorus
1001 3125 1019 3170 a
1043 3111 1147 3170 matre
1171 3123 1244 3169 mea
1270 3115 1357 3190 post·

163 3242 261 3311 quam
285 3223 472 3308 impetravit
495 3231 532 3288 ut
552 3243 602 3289 me
623 3224 684 3289 sibi
705 3223 806 3289 filium
829 3224 921 3289 daret
942 3225 986 3290 ita
1005 3223 1170 3290 festinarit
1189 3225 1356 3309 negotium

161 3342 222 3408 boc
246 3359 415 3427 peragere,
441 3349 476 3406 ut
500 3344 610 3408 statim
635 3362 687 3409 me
711 3362 819 3410 secum
845 3343 975 3408 domum
998 3363 1090 3409 suam
1112 3342 1287 3409 deduceret
1307 3352 1357 3410 to-

161 3469 298 3547 tamque
327 3480 418 3526 suam
453 3481 520 3527 rem
551 3461 745 3529 familiarem
775 3462 855 3529 mibi
878 3461 1168 3529 administrandam
1195 3463 1359 3540 traderet,

161 3582 259 3670 quasi·
288 3583 356 3667 ipse
389 3581 571 3647 huiusmodi
603 3583 692 3648 curis
722 3585 843 3668 impar,
875 3603 934 3668 ego
966 3603 1040 3648 vero
1073 3582 1207 3648 idoneus
1237 3603 1357 3650 essem.

162 3701 244 3766 Tum
270 3700 513 3786 Thacgeliorum
535 3702 587 3769 die
604 3702 685 3767 festo
706 3701 884 3769 adducebat
905 3722 955 3769 me
974 3701 1015 3767 ad
1034 3709 1196 3788 genueras
1208 3710 1241 3768 et
1262 3702 1358 3788 pbra·
1395 3751 1398 3755 -

161 3829 246 3887 teras
270 3830 302 3887 et
325 3819 365 3886 ad
385 3840 473 3887 aram
495 3819 668 3887 statuebat.
717 3821 773 3887 His
794 3831 902 3888 autem
924 3823 1023 3887 moris
1043 3830 1092 3888 est
1112 3829 1149 3886 ut
1169 3823 1358 3908 quicunque

161 3939 263 4006 titium
289 3938 420 4005 inducat
446 3942 512 4006 sive
535 3959 575 4006 ex
600 3941 670 4025 ipso
692 3948 802 4006 natum
824 3943 890 4007 sive
911 3941 1098 4027 adoptatum
1123 3942 1152 4007 is
1178 3959 1237 4026 per
1262 3960 1358 4009 sacra

161 4060 245 4124 iuret
277 4057 366 4124 iilum
397 4080 414 4123 a
448 4079 481 4124 se
515 4058 631 4136 titium,
664 4060 732 4126 sive
764 4062 791 4126 is
823 4061 980 4126 naturalis
1010 4042 1051 4126 sit
1076 4063 1143 4127 sive
1165 4061 1356 4147 adoptatus,

161 4179 270 4244 induci
291 4188 402 4245 natum
426 4199 441 4244 e
462 4179 531 4244 cive
549 4181 647 4245 attica
669 4189 701 4246 et
721 4181 864 4266 legitimo
885 4181 997 4256 modo;
1017 4202 1099 4268 quae
1119 4182 1249 4248 tametsi
1263 4191 1357 4267 pater

198 4432 227 4500 1)
247 4429 279 4483 dc
298 4427 382 4502 Apoll.
403 4429 455 4484 ber.
477 4434 560 4502 psst,
581 4433 661 4502 p-15.
