2842 5018
640 293 679 352 61

63 477 272 543 aestimatum
292 474 493 542 matrimonii
504 474 609 561 gratia
631 473 774 553 dederit,
794 473 826 540 id
847 475 876 541 ei
897 475 1096 561 postmodum
1111 485 1258 565 repetere·

63 615 126 662 non
152 595 242 673 lieet,
267 597 296 662 si
316 594 398 662 sorte
420 594 498 675 flat,
522 604 558 661 ut
579 603 636 661 aut
661 613 741 661 uxor
767 603 880 682 sponte
906 615 965 662 sua
985 597 1141 663 maritum
1164 597 1257 665 dese·

64 724 116 782 rat
150 724 208 782 aul
239 717 378 782 mantus
407 733 479 782 eam
503 715 598 781 domo
622 714 757 802 expellat
766 717 797 793 ,''
822 717 992 783 satistuto
1015 717 1143 784 ridetur
1164 739 1260 805 posse

64 834 179 902 oonfioi
215 835 355 902 licere
390 836 528 902 dotem
563 842 765 922 repetere
799 837 933 922 eiqai
956 856 1043 904 eam
1066 836 1257 917 dederit,

64 956 100 1020 si
132 973 237 1020 uxor
271 974 345 1021 sua
377 963 528 1041 sponte
551 955 753 1021 maritum
777 954 1015 1042 reliquerit
1039 965 1111 1024 aut
1136 962 1256 1024 saari-

66 1085 134 1142 tus
157 1094 329 1142 uxorem
360 1073 594 1141 dimiserit.
639 1074 724 1141 liaeo
753 1083 862 1142 autem
887 1077 1073 1142 eonieetara
1098 1095 1116 1142 a
1139 1079 1255 1144 Demo-

65 1197 179 1263 sthene
192 1198 219 1284 1)
244 1195 403 1263 firmatur.
448 1193 568 1261 Onetor
590 1195 677 1260 enim
697 1193 828 1279 Aphobo
848 1215 991 1262 sororem
1012 1216 1088 1263 eum
1108 1197 1185 1264 dole
1200 1196 1256 1264 de-

64 1316 248 1404 sponderat.
293 1317 420 1383 lnterea
452 1313 604 1402 hphohus
635 1316 669 1380 in
700 1333 798 1380 eausa
828 1315 868 1381 de
899 1315 1126 1383 Demosthenis
1155 1317 1257 1384 tutela

65 1435 300 1502 condemnator
331 1443 363 1501 et
394 1433 514 1501 Onetor
545 1433 702 1501 simulans
734 1454 876 1501 mrorem
907 1456 999 1502 suam
1027 1457 1104 1503 oum
1127 1437 1258 1524 hphoho

64 1555 243 1624 divortium
274 1555 388 1622 lesisse
418 1563 515 1642 atque
538 1575 573 1622 se
597 1575 659 1621 nou
683 1574 775 1641 posse
800 1574 992 1642 recuperare
1016 1556 1125 1624 dotem
1148 1557 1256 1626 datam

64 1675 196 1764 expellit
226 1675 472 1743 Demosthenem
504 1677 540 1742 in
567 1677 688 1743 tutoris
718 1676 800 1743 hona
828 1675 1033 1743 invadentem
1056 1697 1095 1743 ex
1118 1675 1256 1763 quodam

66 1796 197 1884 praedio
232 1797 386 1863 dictitans
414 1797 474 1862 hoo
502 1796 563 1862 sihi
588 1797 836 1883 oppigneratam
858 1815 944 1862 esse.
990 1795 1140 1863 Ductoris
1162 1816 1257 1883 argo·

68 1917 224 1981 mentatio
245 1915 327 1980 haee
345 1924 411 1981 est:
432 1935 574 1981 sororem
594 1935 670 1981 eum
690 1914 764 1981 dote
783 1914 903 1980 elocari
921 1915 1065 2002 Aphohe;
1089 1915 1259 2002 praedium

68 2033 156 2100 istud
184 2035 430 2121 oppigneratam
459 2043 508 2100 est
531 2056 589 2121 pro
614 2036 732 2100 sororis
756 2034 845 2110 dote;
869 2034 1007 2101 divortio
1030 2033 1114 2102 laeto
1138 2034 1195 2101 dos
1218 2035 1260 2101 ad

68 2171 123 2219 me
153 2160 339 2220 revertatur
371 2172 502 2219 neeesse
530 2161 596 2229 esl;
630 2163 663 2221 te
691 2156 793 2240 igitur
822 2175 862 2221 ex
891 2156 951 2222 isto
974 2156 1105 2242 praedio
1126 2155 1259 2243 expello.

67 2272 132 2340 llis
156 2272 385 2340 Demosthenes
408 2293 471 2338 non
495 2273 705 2354 adversatus,
729 2275 785 2342 sed
808 2283 939 2342 tantum:
960 2275 1182 2343 demonstrare
1205 2296 1261 2343 oo·

68 2401 169 2461 natur
189 2393 297 2462 dotem
321 2394 455 2460 omnino
475 2413 542 2459 non:
563 2403 768 2462 numeratam
790 2405 823 2462 et
846 2397 950 2463 adhue
972 2397 1005 2463 in
1025 2395 1174 2465 Onetoris
1194 2407 1261 2483 pot·

69 2523 172 2584 estate
202 2534 289 2591 esse,
325 2513 504 2581 diroetium
533 2525 643 2582 autem
675 2536 808 2603 prorsus
838 2517 996 2584 simulari.
1045 2518 1129 2584 llaec
1160 2518 1262 2603 igitur

69 2654 145 2703 oum
176 2634 216 2701 de
249 2634 387 2700 divortio
419 2635 526 2702 valent
557 2638 593 2702 in
621 2657 685 2723 quo
717 2658 798 2704 uxor
831 2640 900 2725 ipsa
931 2659 995 2704 non
1018 2648 1067 2706 est
1090 2639 1125 2704 in
1148 2639 1261 2726 eulpa,

70 2757 244 2844 quaeritur
269 2754 350 2841 quid.
379 2755 421 2822 do
450 2754 523 2822 dole
555 2756 663 2836 lieret,
694 2778 770 2825 oum
804 2759 1048 2825 matrimonium
1082 2759 1262 2828 solueretur

71 2879 182 2944 nxmis
205 2876 311 2963 eulpa
360 2876 496 2944 Nullum
516 2885 644 2963 praesto
670 2888 720 2945 est
742 2879 926 2965 exemplam
953 2878 1039 2945 unde
1070 2880 1129 2947 hoo
1157 2879 1263 2946 disca-

71 3017 155 3066 mus
211 2997 363 3064 hltamen
394 2996 628 3065 eiusdemmodi
661 2997 743 3085 quid
774 2996 985 3084 Apollodorus
1015 2996 1112 3065 nohis·
1138 3007 1260 3065 narrat.

71 3117 232 3185 Phraaten
259 3137 316 3204 per
346 3114 501 3204 Stephani
531 3116 679 3184 handen
711 3118 917 3205 peregrinam
948 3116 1085 3184 duxerat
1106 3126 1140 3185 el
1164 3137 1268 3186 uxore·

73 3237 168 3306 domo
200 3240 302 3305 eiecta
333 3237 466 3304 reddere
496 3237 604 3305 dotem
636 3239 786 3325 aeganae.
834 3237 923 3304 llano
955 3237 995 3304 oh
1024 3259 1157 3306 oausam
1190 3239 1262 3308 Ste-

73 3358 199 3446 phanus
223 3360 259 3425 ei*
276 3358 362 3424 diem
386 3356 467 3425 dixit
487 3377 529 3426 es
549 3359 618 3446 lege
642 3360 792 3427 iubente:
816 3360 875 3425 »si
895 3360 991 3445 quis
1013 3378 1184 3428 utxorem
1205 3360 1269 3427 di-¹

74 3480 237 3555 mittat,
262 3477 510 3546 reddendam
529 3500 625 3546 esse
645 3478 799 3555 dotem;
823 3479 929 3566 quod
951 3482 986 3546 si
1009 3480 1266 3546 nonfecoertt

74 3618 221 3666 novem
256 3597 402 3664 oholos
437 3618 605 3665 usuram
637 3599 814 3685 pendat,
839 3608 879 3666 et
903 3599 1102 3666 mulieris
1125 3600 1261 3681 κύριος

72 3738 149 3807 pro
183 3738 228 3784 ea
264 3717 310 3783 de
343 3718 461 3784 violo
497 3717 545 3784 ad
579 3717 734 3785 Odeum
768 3720 985 3786 instituat
1014 3719 1262 3799 aetionenff

72 3837 228 3905 Phrastor
262 3856 380 3923 negare
408 3836 511 3922 potuit
540 3835 646 3904 dotem
677 3837 811 3905 reddere
834 3848 892 3905 aut
914 3839 990 3924 quia
1014 3839 1060 3904 ita
1082 3836 1200 3903 lioehat
1224 3857 1263 3904 ex

72 3958 144 4045 lege
174 3965 231 4024 aut
255 3958 331 4043 qnia
355 3954 487 4043 putabat
512 3956 710 4043 Stephanum
735 3957 795 4022 sihi
819 3956 910 4024 litem
934 3955 1101 4024 intendere
1121 3977 1184 4023 non
1207 3977 1263 4024 au·

74 4097 200 4146 surum.
248 4078 327 4144 Cum
360 4096 397 4144 ea
421 4097 503 4163 quae
527 4077 560 4142 in
585 4078 727 4143 oratione
752 4079 904 4143 continuo
925 4086 1107 4165 sequuntur
1128 4076 1262 4164 diligen·

76 4208 126 4267 ter
157 4206 362 4286 reputamus,
394 4198 553 4282 posterius
586 4196 855 4263 verisimillimum
888 4197 934 4266 fit.
982 4197 1062 4265 Nam
1091 4206 1263 4305 aecusatus

114 4466 145 4533 1)
164 4462 219 4516 adv.
239 4466 316 4517 Dnot.
339 4465 362 4528 l⁷
383 4480 406 4534 p.
419 4462 484 4529 866,
506 4461 520 4527 h
543 4463 567 4513 8.
