2842 5018
682 611 734 682 ΙΙ.

193 862 246 933 Dll
274 861 524 975 lupuluuuls
553 860 605 927 AD
633 859 835 928 tunultu
861 861 1224 933 Punulunuutuus.

154 1081 234 1149 Cum
258 1081 378 1148 orbitas
399 1081 441 1147 sit
462 1088 559 1145 eausa
579 1079 712 1158 tutelae,
735 1099 813 1166 opus
833 1088 882 1146 est
904 1087 939 1146 ut
960 1079 1039 1147 haee
1061 1079 1107 1146 illi
1127 1080 1305 1163 medeatur,

112 1204 220 1288 itaque
246 1209 281 1268 ut
302 1200 406 1268 aliena
424 1199 524 1266 tutela
545 1218 642 1284 quam
662 1198 825 1266 simillima
845 1200 888 1265 sit
907 1207 1074 1286 pateruae;
1098 1201 1304 1269 baeoautem

110 1320 227 1408 duplex
258 1328 346 1398 erat,
379 1338 452 1385 nam
478 1326 624 1405 pateret
648 1327 757 1385 tuetur
780 1318 898 1384 liberos
922 1339 996 1386 suos
1020 1326 1053 1386 et
1076 1329 1168 1387 ourat
1191 1341 1303 1389 eorum

109 1459 194 1527 opes.
242 1439 306 1506 Lex
340 1439 442 1524 igitur
475 1438 651 1504 constituat
682 1456 810 1504 neeesse
835 1436 988 1505 ollioia
1011 1441 1176 1506 tutoris
1200 1458 1305 1526 quae

109 1559 363 1646 pertineant
395 1542 443 1625 all
476 1559 660 1645 ipsorum
692 1558 954 1646 pupillorum
985 1558 1166 1626 tutelam
1198 1565 1231 1626 et
1257 1557 1305 1626 ad

109 1697 253 1745 eorum
278 1698 397 1766 opum
422 1699 584 1755 ouram;
608 1678 793 1766 denique
812 1687 959 1746 caveat
978 1701 1026 1747 ue
1047 1687 1211 1747 tutores
1232 1698 1305 1746 sua

110 1797 349 1867 abutantur
384 1807 614 1886 potestate.
662 1800 747 1866 Haeo
781 1801 934 1867 contiuuo
971 1800 1061 1868 nobis
1094 1808 1170 1867 suut
1200 1797 1305 1884 euplo

115 1916 228 1984 nanda.

617 2133 791 2148 m

694 2305 726 2371 l.

283 2533 322 2579 nti
345 2533 469 2580 orimus
492 2533 631 2580 auronum
655 2533 731 2588 putu
754 2533 917 2579 PERTINENT
940 2535 978 2580 tu
1002 2535 1125 2582 insonum

530 2653 714 2706 rurtttottttu
737 2653 884 2699 Turntnlt.

156 2873 223 2939 lam
248 2871 358 2938 statim
382 2870 421 2937 ub
444 2872 537 2937 initio
561 2871 639 2939 haee
663 2871 766 2939 offioia
789 2871 938 2939 bifariam
962 2870 1134 2940 dividenda
1153 2882 1243 2950 sunt;
1262 2892 1303 2942 ex

109 2991 211 3060 altera
234 2997 325 3078 parte
349 2991 435 3057 enim
459 2991 704 3076 conspiciuntur
721 2991 826 3059 officia
846 3011 928 3079 quae
945 2991 1060 3080 pupilli
1080 2991 1303 3061 educationem

108 3119 271 3198 spectant,
296 3131 335 3177 ex
360 3111 461 3178 altera
484 3110 624 3178 ollioium
651 3114 683 3179 in
710 3114 780 3180 iure
804 3133 861 3200 pro
885 3112 1005 3200 pupillo
1028 3112 1157 3198 agendi.

154 3232 272 3319 Pupilli
295 3240 404 3298 autem
429 3251 446 3297 e
468 3232 663 3318 patrimonio
687 3253 745 3299 suo
768 3232 926 3300 educandi
950 3242 1026 3300 suut
1049 3240 1081 3299 et
1100 3231 1302 3300 instituendi.

109 3352 381 3418 Luculeutissima
403 3350 500 3416 huius
524 3352 571 3417 rei
596 3353 779 3419 testimonia
801 3351 886 3440 apud
910 3353 1060 3439 antiquos
1083 3353 1302 3438 reperiuntur.

109 3469 334 3538 Demosthenis
348 3470 372 3558 ¹)
395 3471 482 3537 enim
508 3477 598 3556 pater
622 3471 701 3537 satis
724 3470 846 3557 amplas
868 3470 1044 3558 reliquerat
1068 3468 1250 3543 tenultatem
1271 3479 1305 3536 at

110 3592 258 3677 quamvis
288 3598 415 3656 tantum
448 3590 677 3676 patrimonium
708 3589 858 3658 relietum
889 3598 974 3659 esset
1006 3600 1040 3657 ut
1066 3598 1204 3668 tutores,
1228 3608 1304 3657 eum

109 3710 225 3776 tertiae
248 3710 350 3796 partis
374 3708 498 3775 reditus
521 3718 628 3776 esseut
652 3711 888 3797 quinquaginta
909 3712 1033 3788 minae,
1056 3730 1095 3776 ex
1119 3711 1159 3776 iis
1181 3710 1303 3797 potuis·

110 3823 182 3895 sent
212 3836 283 3894 tuni
317 3828 402 3895 alere
432 3829 656 3895 Demosthenis
684 3829 787 3896 filium
812 3839 844 3898 et
868 3829 966 3897 filiam
990 3849 1064 3896 oum
1091 3849 1207 3906 uxore,
1232 3836 1303 3896 tum

109 3947 239 4036 publiea
270 3948 358 4014 obire
382 3968 535 4027 munera,
559 3957 690 4035 propter
715 3949 931 4016 insatiabilem
955 3949 1164 4036 cupiditatem
1189 3949 1304 4016 borum

110 4077 220 4157 tamen
241 4066 320 4132 nihil
341 4066 505 4147 lecerunt,
527 4076 560 4135 et
582 4086 665 4136 unus
686 4087 797 4136 eorum
812 4070 838 4156 ²)
860 4067 1011 4155 Aphohus
1031 4071 1129 4136 etiarn
1149 4068 1227 4137 adeo
1240 4087 1307 4147 sorf

106 4234 318 4251 ψ

152 4335 182 4400 1)
202 4350 223 4386 e.
245 4330 343 4404 Aplrob.
365 4335 393 4399 1,
413 4352 437 4406 p.
449 4336 518 4401 832,
539 4335 554 4404 b
574 4337 618 4388 60.

151 4423 184 4490 2)
202 4419 221 4474 l.
241 4419 259 4475 l.
279 4439 304 4494 p.
315 4423 384 4491 828,
405 4423 419 4491 §
441 4425 483 4478 46.
