2842 5018
643 293 707 355 104

64 484 81 503 ‘·
118 473 203 540 Sunt
225 473 302 551 loci,
327 474 366 540 in¹
386 474 511 561 quibus‘
527 475 664 542 Martiae
688 493 822 561 negasse
849 471 971 543 dieitur
991 473 1071 539 istos
1089 491 1165 539 suos
1186 470 1270 539 tilios

70 593 198 682 esse¹);
221 601 255 660 ot
276 593 474 661 ldantitbeus
497 595 565 681 ipse
589 592 748 682 fatetur²)
773 599 899 680 patrem
924 611 1020 661 suum
1044 590 1267 685 decuissclos·

68 713 222 792 tendere,
246 713 386 800 qui'sibi
410 719 470 801 pro
492 713 649 781 fratribus
672 711 811 780 habendi
834 720 961 789 essent,
981 711 1068 798 quod
1088 731 1201 784 revera
1221 710 1268 779 fe·

68 834 115 898 cit
127 834 169 899 ‘in
186 843 343 920 magnum
364 832 533 900 ldanti'thei
553 834 655 920 ipsius
675 831 925 906 detrimentum
946 831 1008 901 alio
1021 830 1090 902 loco
1103 830 1129 919 ³)
1142 830 1267 900 iudices

67 959 183 1038 rogat,
206 972 247 1020 ne
270 955 437 1040 patiantur
454 954 607 1020 Boeotum
626 961 685 1018 suo
704 952 807 1038 ipsius
826 952 912 1038 patri
931 949 1140 1027 maledicere,
1161 966 1265 1036 neque

58 1081 251 1159 ‘agnoscere‘
268 1081 401 1141 veretur
423 1071 526 1140 multo
548 1071 737 1140 credibilius
759 1070 861 1137 luisse
884 1070 1036 1137 llantiam
1061 1077 1193 1157 propter
1215 1071 1265 1137 vi·

66 1199 195 1259 rentem
216 1191 387 1259 mulierem
409 1190 649 1281 (Plangbnem),
673 1209 770 1277 quom
789 1188 972 1267 adamaret,
994 1199 1140 1283 mortuae
1161 1188 1264 1265 lilium

61 1321 292 1390 contemnere,
322 1332 421 1400 quam
449 1320 581 1400 propter
601 1318 763 1378 mortuam
786 1310 920 1397 eiusque
945 1309 1047 1377 lilium
1071 1309 1153 1377 lilios
1176 1329 1200 1386 e,
1217 1311 1263 1383 vi·

60 1437 160 1500 -vente
183 1431 337 1508 mulierc;
363 1432 458 1520 cuius
481 1431 714 1499 consuetudine
736 1437 902 1509 uteretur,
926 1449 989 1497 uon
1013 1449 1208 1516 agnoscere„

109 1552 191 1619 Cum
215 1560 324 1620 autem
343 1558 470 1621 constet
488 1554 642 1620 Boeotum
661 1572 737 1619 cum
758 1550 857 1618 fratre
877 1549 1043 1644 Pamphilo
1062 1551 1201 1622 Manliae
1220 1571 1261 1621 ex

63 1673 230 1758 Plangere·
257 1671 339 1740 lilios
369 1673 468 1741 luisse
476 1703 489 1753 ,-
516 1671 691 1742 ridendum
721 1677 772 1738 est
802 1690 843 1737 ue
873 1669 907 1753 hi
938 1668 1020 1737 forte
1051 1670 1260 1743 matrimonio

60 1794 168 1860 iuncti
187 1792 321 1859 luerint.
354 1795 451 1861 'lusti
471 1793 672 1861 matrimonii
694 1790 851 1857 indicium
871 1808 942 1867 esse
962 1788 1117 1866 uidimus,
1137 1790 1260 1879 siquis

61 1912 191 1977 liberos·
214 1911 360 1994 agnoscit
388 1911 495 1978 etad
524 1909 693 1996 phra'tcras
720 1916 817 1994 atque
840 1907 984 1975 demutas
1007 1905 1148 1982 inducit:
1171 1909 1259 1994 quod

61 2029 171 2094 initio·
188 2035 255 2095 'non
276 2028 362 2095 'lecit
392 2029 548 2108 llantias,
564 2036 653 2096 'nam
677 2027 791 2095 multis
813 2027 895 2094 locis
905 2027 933 2113 ⁴)
958 2026 1095 2113 probant
1118 2036 1261 2102 oratores

61 2148 218 2214 blantiam
240 2169 259 2215 a
279 2147 457 2236 cupiditate
476 2168 540 2215 non
556 2153 728 2237 'tantopere
745 2149 869 2234 victum
882 2147 998 2225 fuisse,
1016 2154 1053 2215 ut
1067 2145 1260 2233 Plangouem

61 2269 96 2333 in
122 2265 217 2336 aedes
240 2287 316 2334 snas
339 2269 484 2355 recipere
504 2266 657 2354 dignatus
675 2267 775 2334 luerit
794 2274 852 2333 aut
871 2266 1003 2334 credere
1023 2265 1160 2337 voluerit
1181 2269 1261 2335 istos

57 2407 158 2455 exse
177 2405 247 2454 esse
266 2395 369 2454 natos.
418 2387 517 2454 Porro
536 2388 665 2473 quaerit
683 2385 880 2454 llantitbeus
891 2386 937 2475 ⁶),
960 2385 1169 2472 quamobrem
1186 2396 1257 2455 tan·

56 2506 138 2574 delii
163 2512 274 2594 p'ater,
306 2507 336 2573 si
365 2505 530 2596 Polycrati
562 2506 627 2573 lilia
658 2506 815 2596 desponsa
840 2525 905 2573 non
928 2504 1044 2573 ferisset
1067 2525 1126 2580 noc
1149 2505 1257 2583 dotem

58 2625 241 2706 attulisset,
272 2626 408 2694 istorum
433 2638 510 2694 vero
537 2635 642 2694 mater
664 2626 845 2705 attulisset,
868 2625 985 2695 alteros
1008 2642 1085 2699 suos
1108 2635 1257 2726 negasset

59 2764 130 2814 esse
154 2746 249 2825 tilios,
271 2747 379 2834 ipsum
402 2754 479 2813 vero
501 2753 533 2813 et
552 2747 735 2832 agnovisset
755 2754 789 2814 et
806 2746 1011 2815 instituisset
1051 2745 1256 2821 ,ldantitbeus

58 2873 169 2934 autem
198 2866 348 2952 perbibet
370 2869 522 2934 Boeotum
546 2866 740 2955 contendere
763 2867 917 2936 Mantiam
940 2886 999 2953 pro
1022 2885 1057 2937 se
1070 2864 1259 2957 celebrasse

57 2986 380 3075 decimum'diew)
413 2991 492 3073 (quo
522 2989 654 3053 nomine
683 2985 872 3070 ceteroquin
904 2990 1031 3051 tantum
1055 2983 1184 3058 videtur
1205 2988 1256 3057 in.-

58 3106 163 3173 dicari
193 3105 365 3173 celebratio
395 3104 514 3173 decimi
545 3104 610 3172 diei
632 3124 746 3172 recens
770 3102 933 3192 natorum)
957 3122 1059 3191 eaque
1082 3103 1180 3197 dere
1204 3106 1257 3182 'l'ie

57 3226 212 3293 mocratis
235 3233 267 3293 et
288 3224 457 3292 Promacbi
470 3225 663 3293 ⁴testimonia
681 3222 883 3304 exhibuisse;
904 3221 960 3291 sed
980 3224 1156 3298 verisimile
1173 3225 1256 3299 milri

56 3344 188 3411 ridetur
215 3345 367 3411 boeotum
391 3353 489 3411 testes
512 3343 584 3412 illos
607 3364 671 3411 non
695 3343 879 3431 exhibuisse
900 3342 941 3410 de
964 3342 1177 3417 celebratione
1201 3347 1254 3419 de·

55 3466 136 3533 eimi
166 3464 248 3543 diei,'
276 3463 331 3531 sed
356 3473 392 3532 ut
415 3471 615 3532 testarentur
638 3465 775 3550 ipsum
798 3463 960 3531 a‘ldantia
983 3463 1064 3529 libro
1087 3463 1254 3550 phratriae

56 3585 253 3672 inscriptum
276 3604 364 3661 csse,
393 3592 618 3669 oratoremque
639 3582 754 3652 callide
777 3582 836 3650 bas
856 3583 938 3651 duas
961 3601 1015 3649 res
1035 3591 1253 3668 permutassea

90 3906 121 3974 1)
140 3912 204 3967 orat
226 3906 267 3969 ΙΙ,
288 3906 411 3975 proto,
431 3904 501 3972 69,
521 3905 746 3976 ptoloma

91 3994 124 4062 2)
143 3999 208 4045 orat
229 3996 256 4058 Ι,
276 3995 398 4064 ρ.,1995
419 3992 500 4060 6.

93 4082 124 4150 3)
143 4089 207 4135 orat
229 4083 269 4145 ΙΙ,
289 4083 411 4152 6,,1021
432 4080 511 4148 645.

92 4164 1249 4242 4)(9111161010,69;514.0111,Ι,ρ.999,619οῑρ,1005,695,

52 4267 121 4312 oret.
142 4263 185 4324 ΙΙ,
206 4259 329 4330 6,,1016
350 4257 429 4325 627,
514 4303 518 4309 ,
661 4265 664 4270 “
803 4286 805 4291 ·
890 4288 893 4293 -

93 4348 123 4415 5)
143 4355 208 4400 orat.
229 4349 270 4413 ll
290 4347 414 4419 p.1‚oao
435 4345 513 4413 626

94 4437 124 4506 6)
143 4443 207 4491 orat.
227 4438 252 4508 1,
273 4452 296 4507 p.
310 4438 394 4505 1991,
416 4434 500 4504 622,
519 4440 583 4490 oret.
601 4436 641 4502 ΙΙ
663 4435 783 4507 p.1,oro
803 4435 1249 4509 §28‚·0rat.11‚p.1025‚§so.
