2842 5018
639 305 682 366 59

60 482 230 571 domo¹).
280 484 383 572 Supra
408 492 516 552 autem
542 485 683 552 vidimus
708 505 856 565 uxorem,
881 487 910 552 si
929 485 1023 553 liberi
1043 487 1109 553 nati
1128 493 1250 562 essem,

58 603 204 689 potuisse
226 618 394 672 remancre
417 605 452 671 in
475 605 619 672 defuncti
645 606 754 672 mariti
778 605 927 680 cedibus:
952 625 991 673 ex
1010 605 1070 672 hac
1089 605 1159 692 lege
1178 623 1251 670 con·

59 732 174 811 ceptus
197 743 255 811 pro
278 732 354 790 nato
376 723 514 792 hahetur
536 733 569 792 et
594 727 686 792 uxori
708 724 822 793 viduae
843 725 953 793 endem
975 725 1133 792 tribuitur
1151 722 1250 791 facul-

58 850 121 911 tas.
169 844 218 910 Ita
238 843 401 930 legislator
420 847 526 925 cavit,
546 865 585 912 ne
606 846 750 913 defuncti
770 847 880 913 mariti
901 844 1035 912 heredes
1049 845 1147 910 nimis
1159 843 1251 910 avide

58 965 94 1028 in
117 964 187 1031 eius
206 962 418 1031 hereditatem
442 955 618 1032 irruerent'.
667 966 834 1032 Eiusmodi
857 975 966 1032 tamen
992 965 1061 1051 lege
1083 983 1164 1052 opus
1188 983 1251 1030 non

57 1081 191 1161 fuisset,
223 1085 287 1152 nisi
317 1084 418 1152 altera
450 1084 525 1151 huic
556 1087 703 1172 opposita
734 1087 911 1154 exstitisset
937 1106 1001 1172 qua
1024 1104 1105 1151 uuor
1128 1083 1252 1151 inhere-

57 1211 114 1270 tur
144 1221 218 1270 cum
248 1203 320 1271 dote
351 1225 390 1271 ex
421 1205 555 1272 aedibus
587 1205 730 1272 defuncti
761 1208 870 1272 mariti
903 1205 1074 1280 decedere,
1099 1205 1126 1269 si
1149 1222 1253 1289 neque

57 1324 127 1388 nati
159 1343 262 1410 neque
294 1326 452 1398 nascituri
481 1335 589 1393 essent
611 1325 717 1392 liberi.
768 1325 948 1392 llivinando
972 1344 1048 1392 vero
1072 1323 1153 1390 nihil
1176 1342 1250 1410 pro-

58 1442 204 1523 ficimus,
238 1464 335 1530 quam
364 1445 403 1512 oh
426 1465 558 1512 causam
583 1444 633 1510 his
658 1444 754 1512 finem
778 1445 993 1532 imponemus
1018 1442 1251 1510 attendendum

55 1571 164 1631 tamen
195 1572 244 1630 est
266 1565 460 1653 lteierum2)
483 1565 588 1633 videri
611 1585 721 1632 errare
744 1564 911 1642 docentem
936 1565 1039 1651 legem
1064 1564 1250 1651 praecipere

56 1684 226 1750 mulierem
251 1685 473 1771 perhibentem
498 1706 532 1752 se
556 1684 724 1770 gravidam
749 1706 819 1752 esse
845 1684 1003 1752 dehere
1027 1703 1195 1750 remanere
1217 1685 1252 1748 in

58 1805 171 1870 mariti
203 1802 335 1869 aedibus
359 1804 458 1871 donec
484 1807 671 1890 peperisset.
720 1804 785 1869 Hoc
809 1806 896 1870 enim
922 1803 1008 1868 haud
1033 1805 1099 1869 scio
1122 1822 1162 1867 an
1190 1802 1254 1867 iuri

59 1922 160 1985 attico
184 1939 247 1984 non
262 1922 456 1995 conveniat;
481 1922 591 1987 liberis
614 1924 678 1987 iam
704 1922 790 1986 natis
814 1922 907 1987 uxori
927 1921 1013 2006 optio
1031 1920 1169 1988 dabatur
1189 1919 1254 1985 ael·

59 2037 147 2104 letne
178 2039 212 2103 in
243 2040 353 2105 mariti
384 2039 478 2105 domo
500 2059 665 2106 remanere
689 2059 730 2105 an
754 2060 824 2107 eam
847 2039 1046 2126 relinquere;
1070 2058 1131 2106 cur
1153 2039 1254 2125 igitur

59 2157 214 2244 gravidae
243 2158 321 2225 haec
355 2159 440 2246 optio
473 2168 588 2244 negata
620 2160 758 2227 fuisset?
811 2159 999 2226 Gravida
1028 2159 1155 2225 vidue
1176 2179 1252 2224 non

56 2276 230 2344 videtur
263 2281 453 2365 potuisse
485 2282 578 2365 cogi
613 2299 777 2347 ruanere
813 2282 853 2344 in
889 2278 1082 2347 defuncti
1106 2281 1253 2345 mariti

57 2399 174 2465 domo
206 2407 278 2465 ant
310 2401 462 2466 reverti
494 2419 585 2466 cum
615 2401 710 2467 dote
740 2402 779 2466 in
810 2401 949 2482 κυρίου
980 2420 1156 2478 manum,
1187 2400 1252 2467 sed

57 2518 199 2585 libera
232 2520 270 2585 ei
306 2520 418 2606 optio
452 2519 547 2586 data
584 2519 713 2586 fuisse
737 2519 927 2599 videtur,
960 2519 1196 2597 dnmmodo,
1220 2521 1252 2585 si

21 2703 25 2714 ,
59 2638 232 2725 gravida
255 2649 379 2719 esset,
405 2641 612 2706 nascituri
636 2642 732 2707 iura
756 2642 795 2704 in
819 2640 922 2706 hona
948 2647 1127 2726 paterna
1147 2640 1252 2705 inte·

58 2779 130 2846 gra
163 2768 393 2827 manerent.
444 2759 520 2826 Sed
556 2779 646 2825 cum
681 2759 807 2826 liberi
843 2779 977 2845 neque
1013 2760 1100 2824 nati
1126 2778 1253 2844 neque

58 2862 271 2947 nascituri
306 2888 464 2957 essent,
499 2877 622 2945 uidua
653 2879 827 2945 ridetur
859 2880 946 2963 cogi
978 2880 1173 2965 potuisse
1196 2897 1253 2944 re·

58 2999 262 3085 linquere
296 2999 490 3067 defuncti
525 2997 644 3066 aedes
680 2997 803 3085 idque
835 2996 882 3062 ah
912 3015 958 3062 eo
981 2998 1050 3061 cui
1074 2996 1253 3063 inserat

59 3121 103 3185 in
126 3121 220 3186 eius
241 3120 346 3186 hona
370 3120 639 3186 succedendi.

106 3240 151 3328 b).
199 3240 362 3307 llortua
396 3261 525 3307 uxore
556 3241 587 3328 1)
621 3260 711 3307 cnm
741 3240 869 3305 liberi
894 3240 982 3305 nati
1006 3247 1152 3305 essent
1175 3238 1253 3324 quid

60 3360 100 3451 de
123 3359 197 3426 dote
222 3359 292 3427 fieri
315 3368 475 3446 oporteret
499 3361 591 3426 docet
616 3371 729 3427 auctor
751 3361 906 3426 orationis
925 3359 1080 3426 adversus
1100 3359 1251 3426 Boeotum

59 3479 99 3546 de
122 3479 197 3546 dote
210 3482 248 3568 ³).
264 3520 310 3530 -—
329 3480 465 3546 Boeotus
484 3499 580 3566 aegre
600 3480 684 3546 ferre
704 3481 825 3546 dicitur
845 3480 1058 3546 Mantitheum
1079 3477 1252 3543 educatum

59 3607 91 3666 et
112 3600 301 3666 institutum
325 3621 393 3667 esse
413 3608 444 3666 et
467 3620 598 3666 uxorem
619 3581 749 3666 duxisse
769 3601 801 3663 in
824 3600 925 3684 patris
945 3596 1088 3664 aedibus.
1136 3597 1253 3663 llanti·

59 3720 156 3787 theus
183 3730 291 3788 autem
316 3721 367 3786 his
389 3719 561 3806 respondet
584 3729 721 3786 matrem
746 3739 838 3785 suam
862 3724 1023 3784 mortuam
1046 3735 1172 3782 essese
1197 3715 1254 3780 ad·

59 3839 193 3907 modum
224 3861 342 3927 puero,
369 3840 429 3906 sihi
455 3861 530 3907 vcro
553 3839 637 3906 dotis
661 3848 826 3906 maternae
850 3856 967 3903 usuras
993 3833 1158 3901 suffecisse
1182 3842 1253 3900 tum

97 4112 129 4180 1)
148 4108 240 4163 Pollux
260 4111 338 4175 vill,
359 4110 402 4160 89.
442 4111 490 4160 Lex
509 4107 563 4179 ipsa
583 4115 683 4161 serrata
702 4124 754 4159 esse
774 4101 911 4158 ridebatur
930 4103 957 4155 in
978 4099 1184 4172 [Demosth.]or.
1196 4100 1254 4155 adr.

60 4203 165 4253 ldacart.
193 4218 218 4271 p.
231 4200 316 4262 1076,
346 4199 425 4265 §75
464 4194 511 4249 eff,
541 4205 671 4268 praeterea
697 4198 782 4249 leacus
802 4193 834 4246 de
855 4191 938 4264 Apoll.
959 4194 1011 4245 hur.
1033 4209 1057 4262 p.
1069 4193 1117 4258 66,
1138 4192 1153 4260 ᾗ
1174 4194 1209 4244 30
1228 4200 1255 4244 et

61 4287 152 4342 Aesch.
172 4305 197 4341 c.
216 4284 345 4339 Timarch.
366 4304 389 4356 p.
401 4288 450 4351 22,
470 4287 484 4354 p
505 4288 566 4338 158.

99 4379 129 4445 2)
149 4374 227 4430 lllcier
247 4383 273 4428 et
292 4374 408 4428 Schoem.
429 4373 453 4427 d.
473 4383 521 4426 att.
542 4392 608 4446 proc.
630 4393 653 4446 p.
665 4376 728 4427 421.

99 4468 130 4535 3)
150 4461 310 4535 [Demosth]
330 4484 353 4537 p.
365 4465 451 4532 1023,
474 4463 488 4531 §
509 4467 553 4515 50.
