2842 5018
387 905 602 1012 LIBER
652 904 1027 1016 SECUNDUS.

158 1222 228 1296 DE
255 1223 549 1298 PARENTUM
573 1225 994 1320 LIBERORUMQUE
1020 1224 1245 1302 IURIBUS.

547 1535 864 1572 ——n-m--u-

690 1805 721 1876 l.

388 2054 438 2120 DE
470 2053 722 2118 LIBERORUM
755 2053 1023 2122 CONDIOIONE.

690 2529 719 2594 1.

432 2759 469 2802 ne
493 2755 607 2802 mestus
629 2756 765 2804 emenus
789 2758 824 2802 ee
848 2758 973 2807 spuens.

156 2949 217 3030 Qut
242 2946 327 3034 apud
347 2946 559 3013 Athenienses
580 2966 618 3012 ex
639 2947 725 3012 iusto
747 2949 953 3014 matrimonio
976 2950 1044 3014 nati
1066 2956 1158 3026 sunt,
1179 2951 1198 3014 i.
1213 2970 1239 3015 e.
1262 2970 1302 3016 ex

110 3069 317 3137 matrimonio
348 3086 405 3153 per
435 3066 585 3146 ε’γγύησιν
618 3073 674 3132 aut
705 3086 762 3152 per
784 3066 977 3133 ἐπιδικασίαν
992 3067 1016 3155 ¹)
1043 3068 1143 3145 inito,
1168 3076 1245 3134 sunt
1270 3076 1303 3135 et

111 3164 265 3255 dfeuntur
288 3188 403 3267 γνήσιοι
426 3206 464 3252 ex
488 3186 557 3273 tege
581 3186 701 3254 tradite
725 3187 765 3252 ab
789 3208 826 3253 ee
848 3190 904 3273 qui
929 3188 963 3252 in
986 3188 1129 3254 oratione
1147 3188 1302 3257 adversus
1347 3215 1350 3220 ’

62 3312 64 3317 ’
110 3307 343 3394 Leocharem2)
365 3307 462 3375 haece
482 3306 597 3391 refert:
620 3326 765 3394 »quam
787 3306 1069 3394 desponderit
1088 3316 1211 3396 pater
1230 3319 1301 3377 aut

111 3428 252 3494 frater
286 3435 358 3493 aut
383 3447 501 3506 avus,
534 3448 580 3494 ex
604 3447 648 3493 ea
671 3426 864 3510 legitimi
891 3427 1022 3495 liberi
1047 3432 1213 3504 sunt0;’'
1237 3449 1301 3516 quo

109 3545 179 3613 loco
202 3548 264 3614 etsi
288 3546 368 3614 nihil
392 3554 524 3632 eentum
549 3547 592 3612 sit
615 3545 653 3613 de
676 3548 717 3613 iis
740 3546 849 3643 litteris
873 3550 929 3634 qui
953 3568 992 3614 ex
1016 3548 1223 3615 matrimonio
1242 3569 1301 3636 per

109 3667 303 3734 ἐπιδικασίαν
324 3673 490 3734 contracte
511 3677 708 3744 nascuntur,
729 3685 837 3734 rerum
859 3675 994 3733 naturae
1020 3675 1127 3734 tamen
1151 3669 1302 3736 convenit

110 3788 207 3854 etiam
233 3787 291 3854 hos
314 3788 455 3867 γνησίους
479 3806 559 3853 esse.
1036 3872 1040 3879 1

155 3906 305 3994 Adoptati
328 3907 547 3994 legitimorum
570 3906 638 3972 loeo
662 3905 837 3983 habentem
862 3914 1053 3973 nontamen
1076 3905 1167 3992 plane
1187 3903 1297 3973 eadem

108 4035 322 4115 utrorumque
345 4035 395 4094 est
418 4027 577 4104 condicio,
598 4046 695 4113 quam
716 4027 755 4092 ob
776 4047 906 4094 eausam
928 4026 1012 4095 idem
1034 4035 1141 4096 orator
1155 4027 1179 4115 ³)
1202 4045 1297 4112 quam

146 4271 176 4338 1)
196 4266 228 4322 ef.
249 4271 317 4340 μθ,
339 4285 363 4318 n.
384 4269 408 4317 1.

145 4359 176 4426 2)
195 4355 355 4426 [Demosth.]
374 4373 397 4426 p.
409 4353 497 4418 1095,
519 4352 532 4419 ᾗ
554 4352 597 4403 49.

145 4449 175 4520 3)
195 4467 218 4521 p.
230 4448 318 4515 1099,
338 4445 352 4514 ᾗ
374 4446 423 4512 64,
442 4439 474 4496 cs.
493 4441 616 4514 p.1095‚
638 4441 656 4510 §*
673 4442 719 4523 49?
