2842 5018
662 292 723 352 liiii

92 467 242 537 Mulieres
261 491 372 537 omues
391 471 476 559 apud
497 471 708 539 Athenienses
727 493 802 539 oum
823 493 880 561 per
902 481 1000 540 totam
1022 476 1121 540 vitam
1137 477 1168 540 in
1182 475 1284 543 atiena

92 587 216 657 fuerint
251 611 349 658 manu
368 593 409 681 ¹),
445 595 560 659 merito
589 612 744 678 quaerere
779 594 854 661 ficet
884 594 1029 674 condicio
1060 614 1172 661 earum
1207 616 1285 662 num

92 727 220 797 semper
250 711 361 778 eadem
393 712 500 780 fuerit.
549 715 591 780 At
616 721 692 780 sunt
714 713 836 780 diserta
859 715 1043 781 testimonia
1067 717 1229 797 taleporos
1252 725 1285 782 et

90 829 188 911 κύριον
219 832 364 899 mulieris
395 832 538 911 differre,
570 832 655 918 quod
680 835 820 919 primum
843 835 1010 902 ostendere
1034 837 1193 903 inanimo
1216 845 1283 912 ost,

92 958 163 1018 tum
186 952 328 1019 breviter
350 953 389 1019 de
412 973 489 1020 vera
510 952 717 1039 imperfectae
740 957 856 1021 aetatis
875 956 976 1022 tutela
996 954 1177 1035 rideamus,
1197 955 1286 1023 deni»

90 1092 155 1159 que
178 1072 217 1140 de
241 1074 352 1141 attera.

136 1194 361 1262 Demosthenis
380 1202 471 1282 pater
491 1195 632 1260 moriens
652 1194 783 1281 reliquit
803 1197 944 1284 quinque
963 1215 1123 1263 annorum
1138 1197 1284 1275 filiolam,

89 1334 186 1402 qnam
211 1335 285 1383 oum
308 1317 372 1382 filio
391 1313 577 1383 eorumdem
599 1322 743 1383 tutorum
764 1336 862 1384 rurae
880 1319 1043 1384 commisit
1055 1318 1093 1406 ²).
1130 1317 1283 1385 Diodotus

88 1438 290 1524 ftiogitonem
319 1455 447 1522 quoque
473 1435 556 1502 filiae
582 1442 721 1502 tutorem
744 1435 924 1526 reliquit⁸).
971 1438 1008 1504 In
1032 1437 1114 1504 fsaei
1138 1439 1282 1505 oratione

81 1559 123 1626 de
143 1557 391 1624 Phifoeternonis
412 1555 589 1622 hereditate
601 1554 626 1643 ⁴)
648 1554 765 1622 iterum
786 1558 929 1623 ooeurrit
946 1556 1066 1624 femina
1085 1558 1275 1638 frfrparreoo·

85 1678 173 1759 μένῃ.
222 1678 278 1745 Sat
305 1677 542 1764 exemplorum,
578 1676 695 1763 quibus
726 1674 968 1744 demonstratur
999 1680 1158 1760 ἐπίτροπον
1188 1678 1281 1766 longe

85 1798 186 1865 alium
208 1818 278 1865 esse
300 1818 338 1864 ao
362 1798 472 1879 eriptam
496 1816 571 1862 nam
597 1797 670 1882 quis
690 1794 828 1862 feminae
847 1796 945 1880 κύριος
964 1796 1065 1865 fuerit
1085 1800 1204 1885 partim
1226 1821 1278 1866 su·

85 1917 185 2011 praj‘)
218 1915 373 1996 vidimus,
395 1917 516 2004 partim
540 1936 613 1983 mox
638 1934 841 2002 quaeremus.
890 1915 952 1982 Sed
977 1918 1009 1982 in
1034 1918 1188 2004 exemplis
1211 1919 1279 1986 lau·

85 2036 173 2103 datis
193 2055 352 2122 nusquam
372 2039 471 2119 nuptae
491 2056 660 2125 personam
682 2056 756 2104 oum
777 2034 938 2118 ἐπιτρόπου
957 2039 1128 2105 eonvenire
1142 2059 1277 2124 persona

87 2155 313 2242 unusquisque
336 2155 431 2223 videt.

129 2275 279 2342 Vidimus
309 2274 389 2341 filios
418 2275 518 2343 tutela
542 2276 693 2344 fiberatos
716 2297 786 2345 esse
809 2297 884 2344 oum
909 2277 990 2345 fibro
1013 2279 1207 2373 feriarefrieo
1230 2284 1277 2348 in·

79 2397 194 2483 scripti
227 2400 351 2470 essentr
382 2415 516 2481 prorsus
547 2416 622 2463 vero
654 2399 801 2465 nescitur
834 2398 908 2484 quis
931 2401 1048 2465 aetatis
1069 2419 1174 2468 annus
1200 2403 1275 2470 truie

77 2517 279 2584 feminarum
308 2515 428 2583 tutelae
458 2516 554 2583 finem
579 2519 779 2603 imposuerit.
828 2519 1005 2585 Divinando
1029 2527 1137 2588 temen
1164 2526 1276 2590 termi-

74 2654 160 2704 num
182 2638 326 2704 invenire
346 2655 502 2703 conemur
521 2639 753 2725 inventumque
773 2658 997 2724 comparemus
1016 2659 1090 2706 eum
1109 2652 1274 2710 oratorum

79 2758 286 2824 testimoniis.
333 2757 549 2825 informemus
585 2757 675 2824 nobis
706 2758 838 2825 atticam
871 2758 1044 2827 familiam:
1077 2780 1151 2828 eum
1183 2773 1276 2850 pater

78 2880 219 2946 moritur
242 2878 315 2943 fifiis
339 2867 414 2944 oum
439 2877 565 2944 fitiabus
588 2878 728 2957 refiotis,
754 2878 813 2945 hae
835 2888 910 2945 sunt
934 2889 990 2946 aut
1012 2891 1130 2968 nuptae
1150 2892 1205 2950 aut
1226 2886 1272 2952 in·

76 3006 209 3085 nuptae;
239 3000 266 3063 si
302 3007 371 3086 post
405 2999 507 3085 patris
540 3009 677 3064 mortem
706 3001 769 3064 iarn
804 3006 923 3084 nuptae
951 3009 1026 3066 sunt
1050 3021 1086 3067 eo
1110 3010 1271 3090 ternpore,

75 3139 139 3206 quo
172 3119 288 3186 fratres
318 3120 369 3185 sui
400 3120 482 3185 iaris
515 3120 611 3197 fiunt,
643 3122 677 3184 in
707 3139 807 3185 manu
838 3120 945 3184 meriti
972 3120 1037 3187 sint
1060 3130 1091 3186 et
1117 3137 1269 3192 maneant

73 3259 206 3306 neeesse
229 3247 291 3312 est;
317 3239 366 3303 sin
394 3258 468 3306 vero
492 3238 551 3305 hoa
574 3249 719 3326 tempore
744 3238 885 3306 nondum
909 3249 1027 3327 nuptae
1051 3252 1142 3322 sunt,
1167 3253 1270 3312 trans·

73 3368 154 3428 eunt
184 3379 223 3424 ex
254 3358 355 3426 tutela
384 3360 417 3423 in
441 3379 573 3425 manum
599 3359 755 3438 fratrum,
776 3360 1046 3447 quemadmodum
1070 3367 1193 3451 nuptiis
1216 3389 1269 3434 so·

73 3479 153 3547 lutis
174 3486 381 3545 revertuntur
394 3479 432 3567 ⁶).
467 3480 504 3546 ln
522 3481 665 3548 oratione
679 3489 790 3547 eontra
805 3481 1019 3566 Diogitonem,
1032 3485 1126 3550 euius
1141 3493 1267 3553 tantum

72 3599 292 3685 fragmentum
326 3607 488 3665 serratum
522 3608 571 3666 est
602 3621 620 3666 a
653 3601 822 3687 dionysio,
854 3619 928 3667 aum
955 3603 1057 3667 maior
1081 3611 1158 3670 natu
1183 3603 1268 3674 fitius

72 3719 200 3786 fiiodoti
233 3721 283 3784 sni
318 3720 398 3785 iuris
432 3719 539 3796 fieret,
572 3719 635 3786 frfia
670 3723 733 3785 iam
766 3728 920 3808 nupserat
951 3722 980 3787 ei
1010 3724 1065 3807 qui
1090 3725 1265 3793 arationem

109 3936 141 4003 1)
160 3932 194 3987 cf.
214 3936 365 4007 p.152‚‚n.
390 3938 414 3987 f.

107 4024 138 4091 2)
158 4020 289 4075 Demostfr.
314 4039 335 4074 c.
362 4020 458 4094 Aphob.
483 4043 508 4096 p.
524 4026 593 4091 8145
626 4026 686 4092 dd.
727 4023 839 4079 Attendo
868 4026 884 4081 i.
906 4046 928 4100 p.
950 4047 972 4099 p.
990 4030 1060 4095 815,
1079 4027 1114 4081 in.
1137 4025 1196 4077 δέκ’
1217 4028 1267 4098 ἔτη

68 4108 86 4173 ἦ
93 4111 159 4170 μᾶς
175 4108 433 4178 ἐπιτροπεύσαντες.

107 4196 137 4263 3)
158 4197 215 4267 Lys.
234 4211 256 4246 c.
278 4192 372 4266 [tingit.
392 4213 413 4266 p.
427 4195 480 4246 896
488 4231 496 4259 ,
518 4195 531 4262 ᾗ
552 4200 577 4247 5.

109 4285 139 4349 a)
159 4286 243 4354 psa,
265 4283 279 4350 a
301 4286 343 4335 13.

104 4374 135 4438 5)
157 4389 179 4441 p.
192 4375 245 4437 35,
267 4390 291 4422 n.
312 4375 328 4422 3
348 4379 373 4422 ef
394 4391 417 4444 p.
432 4375 499 4438 138,
521 4391 545 4426 n.
566 4378 591 4426 5.

106 4457 337 4533 ffifflpr
