2842 5018
709 293 773 357 140

168 494 225 562 pro
258 474 419 562 republica
454 475 601 561 religiose
633 475 703 541 fieri
737 481 897 561 nequeant
921 476 980 542 boc
1006 476 1136 542 bomine
1161 477 1368 545 sacrificante

164 615 224 660 nec
245 595 419 680 quidquam
442 595 528 662 atiud
550 594 589 660 ab
609 615 646 662 eo
666 594 776 680 pertici
798 603 885 660 recte
906 597 1053 683 iusteque
1066 596 1212 682 possit?”
1243 596 1365 664 Eadem

164 732 291 798 quoque
311 714 421 779 Pollux
436 715 462 798 ¹)
484 713 638 780 affirmat:
660 714 827 792 δοκιμασία
848 713 881 778 δὲ
901 722 964 787 τοῖς
982 713 1129 796 ἄρχουσιν
1140 715 1366 796 ἐπηγγέλλετο

166 832 217 897 καὶ
250 843 312 905 τοῖς
344 843 506 915 κληρωτοῒς
540 833 593 899 καὶ
625 840 689 906 τοῖς
712 835 859 914 αἱρετοῖς,
885 832 942 898 τότ’
967 834 1131 910 tractarat
1154 837 1231 900 aiom
1255 834 1365 918 ἄρχειν

165 951 305 1018 aiaraci
330 953 392 1030 μη,
419 953 472 1018 καὶ
496 961 558 1026 τοῖς
579 954 799 1030 δημαγωγοῖς,
825 955 850 1018 εἰ
873 951 1071 1034 ἡταιρηκότος
1096 956 1210 1032 aaran
1237 956 1282 1021 τοὶ
1306 980 1366 1022 πα·

164 1072 247 1153 appo
277 1070 513 1145 κατεδηδοκότα
544 1073 561 1149 ἢ
593 1072 662 1145 τοὺς
694 1071 804 1150 γονέας
840 1070 1048 1146 κεκακωκόττς
1080 1073 1097 1148 ἢ
1131 1071 1241 1146 ἄλλως
1265 1081 1364 1148 κακῶς

166 1190 368 1272 βεβιωκότες.

214 1313 303 1377 Hanc
327 1312 444 1377 atticae
469 1311 742 1397 iurisprudentiae
762 1318 886 1397 partem
907 1311 1166 1379 luculentissime
1188 1311 1368 1380 illustravit

167 1430 265 1497 lanus
296 1431 362 1495 Pan
377 1431 420 1517 ²),
451 1432 544 1497 cuius
575 1430 656 1497 liber
679 1431 727 1497 vei
752 1438 823 1518 post
847 1430 1014 1497 dimidiam
1040 1431 1161 1498 saeculi
1182 1442 1313 1519 partem
1337 1442 1368 1501 et

169 1549 254 1637 quod
287 1556 433 1636 superest
465 1549 676 1636 dignissimus
700 1558 749 1616 est
773 1551 829 1636 qui
853 1550 894 1615 ab
916 1551 1065 1616 omnibus
1089 1551 1188 1619 buius
1212 1554 1367 1620 scientiae

168 1668 321 1736 studiosis
344 1677 567 1754 cognoscatur:
591 1688 694 1755 neque
712 1676 822 1735 tamen
843 1670 923 1736 mibi
945 1670 1005 1737 boc
1025 1671 1133 1738 labore
1155 1672 1366 1759 supersedere

160 1786 299 1866 licebat,
324 1808 364 1854 ne
388 1807 457 1854 rem
481 1788 562 1852 mibi
587 1789 780 1875 propositam
805 1789 953 1857 deserere
975 1790 1113 1858 viderer.

216 1905 409 1975 Parentibus
421 1906 552 1972 obedire
582 1927 636 1973 eos
648 1907 728 1974 bene
741 1909 857 1976 babere
882 1913 932 1997 pie
945 1911 1048 1977 colere
1073 1912 1268 1998 primarium
1289 1911 1369 1979 bibe·

153 2048 280 2095 rorum
305 2026 446 2094 officium
471 2025 664 2105 habebatur,
688 2008 773 2113 i1uod
797 2036 904 2096 tamen
929 2030 1053 2117 iegibus
1080 2033 1270 2098 accuratius
1292 2030 1367 2098 deti·

169 2147 331 2215 uiebatur.
380 2145 442 2212 Sed
475 2146 616 2231 primum
649 2145 688 2212 de
709 2147 863 2214 vocabulo
887 2151 966 2235 ipso.
1014 2150 1049 2215 lu
1074 2151 1210 2238 antiquo
1233 2151 1367 2218 Graeco

161 2287 243 2333 ‘rum
273 2285 421 2333 sermone
444 2263 575 2331 verbum
601 2273 717 2340 exstat,
745 2268 827 2351 quod
852 2267 928 2355 quid
955 2268 1048 2335 velim
1075 2268 1209 2336 indicat.
1258 2270 1366 2338 Medea

170 2387 257 2453 enim
281 2387 327 2453 ita
350 2404 425 2451 suos
449 2383 623 2470 alloquitur
647 2383 763 2451 liberos
776 2384 816 2472 3);

352 2503 454 2584 ἥμην
477 2505 547 2569 ποθ’
571 2508 588 2581 ἡ
614 2503 755 2579 δύστηνος
779 2501 863 2585 εἶχον
886 2506 1016 2580 ἒλτόδας

350 2624 473 2698 τολλόος
497 2625 529 2689 ἕν
552 2625 623 2702 ὑμῖν
646 2624 885 2704 γηροβοοκητειν
908 2628 937 2689 τ’
961 2627 1018 2704 ἐμέ

351 2744 404 2809 καὶ
428 2744 639 2809 κατόανοῦοαν
662 2744 768 2825 χερσὶν
790 2738 824 2808 εὖ
847 2753 1057 2825 capescenda,

351 2862 486 2945 ζηλωτόν
507 2864 694 2945 όνόρότοιτι.

217 2983 416 3066 Quibuscum
441 2983 521 3050 utile
539 2992 589 3049 est
608 2982 754 3050 conterre
774 2984 917 3052 eiusdem
937 2993 1050 3071 poetae
1069 2987 1157 3053 aliud
1178 2988 1312 3056 effatum
1325 2990 1364 3078 ‘tt

350 3105 460 3185 τοόγαρ
481 3102 622 3186 φυτεύων
645 3103 766 3175 παῖδας
788 3107 841 3170 οὐκ
866 3101 910 3168 ἔτ’
935 3103 972 3170 όν
995 3104 1139 3188 φθόνοις,

351 3215 379 3288 οἳ
397 3222 657 3303 γηροβοσκητοντι
681 3222 733 3287 καὶ
758 3220 887 3287 θανόντα
910 3248 946 3288 οε

351 3342 638 3423 representabat
661 3342 858 3422 τροόηοοντοιι
882 3341 992 3423 νεκρόν.

216 3459 393 3550 Hyperides
405 3460 434 3549 ⁵)
466 3481 545 3527 usus
575 3470 624 3527 est
655 3460 808 3527 vocabulo
840 3462 1038 3543 γηροβοσκός.
1088 3463 1228 3532 Serioris
1252 3469 1365 3534 aetatis

170 3590 220 3650 est
253 3580 386 3648 verbum
421 3588 614 3662 νανοκιμεῑν,
639 3600 833 3667 quamquam
858 3601 974 3649 nomeu
998 3583 1165 3664 γηροκόμος
1190 3586 1258 3653 iam
1283 3586 1365 3674 apud

173 3732 378 3755 μ

208 3829 222 3877 1
259 3821 450 3891 vr11‚4aaq.

207 3827 240 3983 ²i
257 3907 405 3963 dissertatio
427 3906 460 3958 de
483 3904 551 3977 grati
570 3903 651 3958 animi
670 3903 762 3960 officiis
781 3915 861 3981 atquo
879 3905 1044 3979 ingratorum
1063 3925 1143 3980 poena
1161 3908 1224 3963 iure
1241 3909 1323 3965 attico
1341 3918 1366 3964 et

168 4017 291 4066 roman03
318 3996 399 4069 bugd.
429 3997 486 4048 unt.
513 3995 599 4059 1809,
629 3995 655 4049 Ρ.
676 3997 703 4058 1,
724 4013 746 4048 c.
771 3998 804 4062 13
830 3992 864 4048 cf.
879 3993 959 4048 thesis
979 3998 1014 4048 tv
1030 3994 1080 4048 riri
1098 3995 1195 4050 clarius.
1216 4016 1268 4052 ran
1290 4007 1366 4053 basau

169 4091 208 4158 (n.
230 4085 305 4160 bijdr.
326 4103 386 4138 roor
402 4090 496 4155 regtsg,
516 4099 548 4134 en
568 4089 643 4153 wetg.
663 4084 750 4149 1855,
769 4085 805 4150 V,
825 4086 928 4156 pm,
947 4102 973 4137 n.
996 4085 1038 4154 dJ:
1058 4084 1117 4138 iure
1135 4085 1217 4140 attico
1238 4106 1290 4142 non
1307 4087 1368 4141 data

158 4175 223 4230 'fuit
242 4171 395 4249 parentibus
416 4171 444 4224 in
461 4169 556 4223 liberos
575 4169 644 4223 actio
659 4168 756 4242 ingrati
775 4169 856 4225 animi
876 4170 956 4240 (δόκη
973 4170 1157 4243 ἀχαριστίας).

158 4269 162 4288 ²
209 4268 240 4334 3)
258 4262 286 4315 iu
305 4259 457 4333 cognomino
477 4256 607 4330 Euripidis
625 4255 715 4313 sabula
735 4276 770 4312 rs.
791 4262 863 4313 1082
882 4276 936 4334 sqq.

209 4356 239 4422 d)
258 4351 315 4407 Alo
334 4353 388 4403 662
407 4366 460 4422 sqq.
480 4345 524 4400 eff.
544 4345 635 4402 Suidas
654 4356 680 4400 ot
700 4347 841 4421 Hesychius
860 4367 884 4404 r.
904 4347 1072 4413 γηροβοσκὼ.

210 4444 240 4514 5)
258 4438 362 4495 Polluce
381 4444 446 4491 teste
465 4437 504 4504 11,
525 4437 569 4488 id.
