2842 5018
692 246 711 306 4

110 426 271 503 condicio;
288 445 385 513 quam
407 445 482 493 cum
503 427 567 493 iam
591 435 661 493 tum
686 422 828 513 antiquis
849 425 973 512 legibus
994 426 1187 513 descriptam
1203 427 1303 494 luisse

109 546 289 624 videamus,
320 546 407 612 nulla
438 549 575 632 cogitari
606 555 712 634 potest
745 566 864 624 causa,
902 546 942 612 ob
977 566 1074 630 quam
1109 545 1205 619 fidem
1243 548 1302 612 ha·

108 667 242 733 beamus
272 668 405 752 Diogeni
439 667 567 735 Laertio
598 666 750 735 referenti
782 667 1012 744 Athenienses,
1047 687 1121 732 cum
1158 666 1240 732 hello
1264 687 1301 733 ac

108 787 162 853 lue
186 785 310 853 civibus
333 787 522 854 exhaustam
546 787 712 857 civitatem
732 807 882 873 reparare
906 808 944 853 ac
964 787 1103 854 sobolem
1124 806 1302 873 propagare

107 907 242 987 vellent,
274 907 455 974 decrevisse
483 906 582 974 licere
605 907 735 993 quidem
759 907 878 1004 ducere
902 909 1006 974 civem
1032 926 1129 972 unam
1153 915 1301 982 tantum,

110 1047 148 1095 ex
180 1027 281 1094 altera
311 1047 387 1094 vero
418 1046 545 1115 quoque
576 1026 694 1094 liberos
725 1030 890 1114 suscipere
904 1027 941 1117 ¹).
973 1026 1052 1093 Cum
1080 1028 1167 1092 euim
1191 1028 1302 1093 Isaeus

109 1150 144 1214 in
179 1147 309 1215 laudata
342 1149 485 1214 oratione
514 1168 578 1233 quo
611 1146 752 1212 vidimus
781 1147 876 1217 modo
900 1146 940 1214 de
963 1147 1151 1221 concubinis
1174 1146 1302 1219 locutus

109 1269 152 1334 sit
182 1277 212 1334 et
239 1266 467 1334 Demosthenes
490 1266 593 1352 legem
618 1265 754 1332 laudans
777 1274 844 1332 tam
869 1268 1011 1354 antiquis
1034 1267 1197 1338 vocabulis
1223 1287 1301 1332 usus

109 1387 190 1475 site)
216 1396 248 1454 et
267 1395 431 1474 praeterea
455 1386 540 1472 apud
559 1387 708 1474 Lysiam,
733 1389 851 1475 quippe
870 1389 926 1474 qui
946 1389 1148 1474 Areopagum
1161 1406 1301 1453 comme·

109 1516 235 1586 moret,
270 1526 376 1573 sermo
406 1527 476 1574 esse
508 1527 573 1574 non
602 1509 795 1595 possit-uisi
826 1508 866 1574 de
891 1508 1088 1594 temporibus
1112 1516 1186 1574 ante
1211 1508 1301 1578 Peri«

110 1628 212 1705 clem,
243 1627 388 1715 legitima
419 1627 653 1694 concubinatus
686 1629 848 1695 institutio
881 1638 945 1699 taur
976 1649 1089 1695 recens
1114 1627 1213 1694 luisse
1237 1648 1300 1693 uon

108 1746 342 1835 potest.·..=1inn
373 1748 514 1814 multum
548 1749 648 1834 igitur
683 1746 871 1835 proficimus
892 1750 1042 1833 Diogenis
1067 1748 1300 1835 psephismate,

111 1870 167 1955 qui
200 1866 300 1932 nihilo
331 1887 389 1938 nos
421 1870 574 1934 certiores
606 1867 697 1945 lacit,
722 1887 804 1955 quae
829 1868 957 1937 tandem
983 1869 1065 1934 iuris
1086 1869 1236 1941 instituta
1261 1867 1300 1937 de

110 1961 327 2053 concubinatu
350 1988 522 2055 valuerint.
571 1986 733 2056 Satissit
759 2008 839 2074 quos
870 1987 1040 2059 attulimus
1064 1988 1142 2054 locis
1165 1989 1301 2062 evicisse

110 2108 291 2176 Athenis
322 2108 655 2176 concubinatum
686 2108 883 2193 legitime
911 2108 1120 2193 viguisse,
1143 2107 1245 2194 quod,
1271 2110 1300 2172 si

110 2230 195 2295 tenti
220 2235 286 2306 est,
308 2247 327 2294 a
350 2228 491 2313 Diogene
514 2226 711 2297 affirmatum
736 2227 893 2301 videmus.
1108 2221 1110 2227 ⁴
1211 2221 1213 2223 ’

157 2348 249 2415 llulti
279 2347 579 2434 lexicographorum
607 2357 640 2419 et
662 2347 829 2415 Plutarchi
852 2349 1047 2422 testimoniis
1069 2347 1144 2419 lreti
1168 2367 1302 2422 censue,

110 2478 191 2535 runt
221 2468 413 2534 coelibatum
445 2467 580 2537 Athenis
610 2470 745 2535 vetitum
770 2468 882 2536 luisse.
942 2469 1032 2535 luter
1055 2468 1125 2555 illos
1149 2468 1261 2540 Pollux
1275 2468 1300 2556 ³)

111 2600 145 2658 et
175 2589 299 2656 lexicon
330 2589 530 2657 rhetoricum
543 2588 569 2677 ⁴)
593 2589 676 2665 δίκην
700 2591 841 2669 ἀγαμίου
866 2597 1130 2661 commemorant.
1177 2589 1300 2655 Plutar-

111 2710 230 2798 ohusr)
256 2717 366 2776 autem
389 2710 475 2776 cives
499 2711 637 2798 Lycurgi
663 2718 695 2777 et
717 2710 844 2779 Solonis
864 2710 950 2796 leges
969 2709 1111 2788 epactae
1129 2717 1161 2775 et
1183 2710 1300 2791 ὀψιγα-

111 2831 183 2909 μίου
206 2830 357 2895 habuisse
380 2830 554 2897 contendit.
596 2831 684 2902 Idem
707 2840 815 2901 tamen
835 2830 894 2902 hoe
914 2830 983 2895 loco
1004 2837 1070 2896 tam
1093 2828 1213 2894 diserte
1232 2838 1300 2902 tra-

111 2950 191 3017 dens
224 2949 359 3036 Spartae
390 2949 489 3025 luisse
513 2950 689 3021 coelibatus
711 2953 892 3031 actionem,
917 2969 991 3017 cum
1017 2947 1175 3036 Lysandri
1199 2950 1299 3015 vitam

111 3070 346 3148 conscriberet,
388 3090 452 3135 non
495 3072 575 3139 satis
605 3071 666 3137 sibi
699 3090 889 3157 persuasum
922 3068 1059 3144 hahebat
1097 3070 1301 3143 exstiteritne

111 3188 269 3266 eiusmodi
294 3189 343 3256 lex
367 3188 500 3276 Spartae
524 3211 639 3265 necne;
672 3193 866 3266 eratenim,
891 3197 935 3259 ut
957 3188 1151 3266 videtur,
1178 3191 1301 3277 inquit,

112 3309 247 3395 Spartae
281 3318 314 3377 el
348 3312 492 3390 ἀγαμίου
516 3312 582 3388 δίκη
607 3320 640 3378 et
662 3314 834 3392 ὀψιγαμίου
858 3319 890 3377 et
915 3310 1111 3390 reuerentior
1129 3308 1168 3397 Β).
1217 3309 1302 3390 Quiri

109 3449 186 3500 rero
209 3429 302 3496 nobis
322 3429 361 3496 de
384 3431 518 3498 Athenis
538 3432 747 3512 divinandum
772 3433 981 3518 relinquitur,
1006 3431 1033 3496 si
1055 3430 1105 3503 vel
1124 3429 1164 3496 de
1186 3430 1302 3516 Sparta

110 3549 285 3647 historicus
308 3551 354 3615 ita
378 3552 564 3634 dubitanter
586 3552 721 3621 scribit?
769 3553 814 3623 De
834 3553 944 3638 poenis
964 3550 1049 3637 apud
1072 3542 1301 3636 Spartanos'iu

145 3895 161 3947 1
196 3895 235 3958 ll,
255 3895 302 3946 25.
991 3946 998 3958 ‚

145 3894 176 4050 2)
197 3979 256 4046 (ἐάν
273 3977 484 4044 usgeinodedun
505 3979 578 4046 τινὰ)
596 3980 613 4046 ἢ
631 3980 678 4030 ἐπὶ
697 3981 850 4050 δάμαρτι
867 3979 884 4045 ἦ
902 3979 949 4030 ἐπὶ
965 3977 1051 4048 μητρὶ
1068 3978 1085 4043 ἢ
1102 3977 1149 4028 ἰπὶ
1165 3975 1302 4041 ridel-opii

107 4068 156 4119 iul
172 4068 300 4136 θυγατρὶ
317 4067 334 4132 ἢ
354 4068 401 4117 bct
417 4067 576 4134 παλλακῇ
593 4069 627 4133 ἢν
644 4068 677 4119 ἂν
694 4069 736 4122 ἐπ’
755 4068 913 4139 ἐλευθέροις
930 4068 1026 4136 παισὶν
1045 4066 1103 4133 ἔχῃ.

141 4159 269 4229 3)v111‚
292 4160 343 4224 40,
361 4155 394 4209 cl.
415 4161 473 4223 lll,
494 4161 537 4212 le.

144 4250 175 4317 4)
194 4244 276 4300 Dclrk.
298 4249 327 4298 Α.
347 4248 390 4296 Gr.
412 4263 435 4318 p.
448 4248 510 4298 336.

144 4339 175 4406 5)
194 4334 226 4388 de
245 4353 296 4389 am.
317 4332 381 4408 prol.
402 4351 423 4388 c.
445 4336 470 4386 2.

144 4427 173 4497 6)
193 4442 214 4479 c.
236 4426 279 4477 3⁰.
