2842 5018
745 244 786 304 Q

210 432 299 496 luter
331 428 549 508 δημοποιήταυς
582 435 614 491 et
645 427 732 493 cives
755 428 871 494 atticos
894 426 994 494 luisse
1017 427 1215 498 connubium
1240 451 1280 497 ex
1305 430 1362 498 de·

166 561 255 619 creto
286 550 325 616 de
356 549 486 615 civitate
517 567 591 614 eum
617 546 858 614 Plataeensibus
881 549 1150 617 communicando
1173 559 1306 638 apparet
1317 553 1361 641 1);

165 673 198 736 in
229 691 266 736 eo
296 669 424 735 decreto
446 668 531 734 enim
557 669 776 734 sancitum
800 676 894 734 erat
917 668 965 735 de
987 670 1041 735 iis
1064 677 1105 736 ct
1123 689 1202 756 pro
1225 691 1269 738 re
1293 691 1362 758 pu·

164 791 275 856 blica
307 798 345 856 et
377 808 450 875 pro
481 787 566 853 diis
594 796 634 854 et
657 796 828 854 cantum
854 808 903 856 ne
926 790 1124 876 cuiquam
1149 811 1292 858 eornm
1317 775 1361 859 in

163 910 400 978 sortitione
425 928 569 974 novem
594 908 847 975 archontum
868 917 939 976 aut
961 898 1096 976 ullius
1117 910 1359 979 sacerdotii

162 1033 282 1098 locus
305 1029 442 1097 detur.
490 1028 574 1111 Quid
598 1049 636 1096 ex
656 1029 816 1115 prioribus
837 1030 1000 1097 vocabulis
1016 1031 1212 1099 eliciendum
1234 1032 1359 1105 sitnon

163 1151 293 1218 difficile
324 1159 374 1217 est
404 1149 511 1224 dietu;
541 1149 595 1216 illa
626 1169 699 1237 pro
726 1170 768 1216 re
793 1150 966 1236 publica
991 1159 1030 1219 et
1054 1171 1127 1238 pro
1151 1152 1257 1227 diis,
1284 1152 1359 1235 ὑπέρ

161 1298 198 1339 τε
228 1281 284 1349 τῆς
313 1271 432 1345 πόλεως
463 1271 515 1336 καὶ
547 1278 606 1336 τῶν
630 1272 717 1349 θεῶν,
743 1271 928 1357 significant
952 1272 993 1337 iis
1017 1273 1164 1338 omnium
1189 1273 1301 1339 iurum
1324 1282 1358 1340 et

161 1393 305 1459 civilium
328 1400 362 1458 et
384 1391 568 1457 divinorum
593 1393 854 1457 communionem
880 1391 988 1458 datam
1009 1411 1090 1457 esse.
1139 1391 1263 1458 Liberis
1282 1411 1359 1459 vero

160 1533 293 1592 corum,
323 1513 351 1577 si
381 1531 399 1577 e
431 1512 502 1576 eive
534 1512 633 1577 attica
662 1513 804 1598 suscepti
828 1520 936 1577 essent
960 1520 991 1578 ot
1016 1510 1160 1597 legitime
1183 1510 1360 1599 desponsa,

160 1636 259 1700 etiam
289 1632 382 1699 licuit
413 1633 587 1718 participes
617 1651 687 1697 esse
716 1631 895 1697 sortitionis
928 1631 1120 1697 archontum
1145 1634 1358 1717 omniumque

159 1753 427 1820 sacerdotiorum.
471 1752 603 1817 Minime
630 1760 739 1817 autem
763 1771 844 1839 opus
868 1749 929 1816 luit
953 1751 1143 1836 singillatim
1168 1753 1200 1818 in
1227 1751 1356 1819 decreto

160 1874 200 1940 de
230 1873 361 1939 civitate
388 1871 534 1938 donanda
557 1870 632 1937 addi
655 1871 807 1937 connubii
833 1872 885 1936 ins
910 1889 974 1936 una
997 1890 1073 1936 eum
1097 1871 1229 1939 ciuitate
1250 1871 1357 1938 tribu-

159 2003 229 2060 turn
262 2013 349 2069 esse;
383 1993 460 2057 satis
483 1993 569 2057 enim
593 1998 726 2078 apparet
749 1992 835 2057 inter
858 1992 944 2056 cives
968 1990 1152 2056 adscitieios
1176 1999 1208 2059 et
1232 1999 1358 2062 veteres

160 2113 367 2178 rnatrimonia
402 2113 478 2178 iniri
507 2113 659 2198 potuisse.
708 2112 865 2177 Isocrates
877 2111 902 2198 ²)
934 2120 1043 2178 tamen
1076 2111 1277 2179 Plataeenses
1309 2113 1357 2178 ita

162 2233 305 2299 dicentes
336 2232 430 2324 lacit:
456 2239 615 2319 »propter
646 2230 841 2298 connubium
876 2231 988 2297 datum
1019 2251 1058 2298 ex
1091 2233 1208 2298 vestris
1230 2232 1358 2298 civibus

161 2354 209 2441 (ἐκ
231 2352 391 2419 πολιτίδων
414 2350 577 2438 ὑμετέρων)
602 2352 669 2416 nati
694 2352 849 2428 sumus‚'’
874 2350 959 2417 uude
983 2349 1084 2418 videri
1104 2353 1205 2438 possit
1225 2363 1357 2439 praeter

159 2473 324 2540 ciuitatem
355 2472 453 2538 etiam
484 2471 661 2551 ἐπιγαμίαν
692 2470 932 2538 Plataeensibus
964 2471 1072 2538 datam
1097 2471 1214 2568 luisse.
1263 2472 1356 2554 Quod

159 2592 318 2679 quomodo
337 2589 582 2678 intelligendum
600 2592 642 2657 sit
654 2591 831 2677 explicabo.
868 2591 953 2658 bello
967 2592 1191 2678 peloponnesio
1203 2594 1355 2671 ineunte,

159 2732 235 2779 eum
266 2712 413 2779 Plataeae
443 2711 571 2778 dirutae
600 2720 707 2779 essent
732 2719 764 2778 et
787 2713 880 2798 pauci
907 2713 1018 2778 miseri
1043 2714 1139 2779 istam
1163 2711 1356 2800 effugissent

157 2832 283 2899 cladem
313 2831 354 2897 ad
386 2832 615 2910 Athenienses,
648 2834 703 2918 qui
728 2834 792 2898 iarn
817 2841 911 2899 antea
935 2833 1076 2898 civitatis
1101 2835 1151 2900 ius
1176 2832 1353 2920 plataicum

157 2952 318 3039 quoddam
351 2952 532 3019 instituisse
564 2951 714 3020 videntur
727 2953 772 3041 ³),
803 2974 921 3020 novum
952 2953 1136 3039 psephisma
1162 2952 1201 3020 de
1226 2953 1353 3020 Platae-

156 3073 288 3140 ensibus
312 3070 432 3139 lactum
458 3093 528 3139 esse
552 3073 620 3138 veri
644 3073 749 3139 simile
773 3073 875 3160 estt),
893 3093 957 3159 quo
981 3074 1074 3159 plura
1097 3073 1223 3140 civibus
1248 3073 1352 3141 adsci-

157 3194 244 3258 ticiis
276 3194 349 3259 iura
373 3191 599 3258 tribuebantur
621 3213 718 3279 qnam
743 3214 826 3279 quae
845 3202 940 3260 antea
964 3194 1086 3260 tributa
1110 3203 1221 3273 erant,
1247 3196 1293 3262 ita
1315 3206 1354 3261 ut

158 3313 238 3378 nihil
269 3314 337 3379 lere
368 3312 539 3378 interesset
570 3314 655 3379 inter
686 3313 802 3379 horum
832 3314 1066 3385 Plataeensium
1088 3316 1146 3400 qni
1171 3316 1276 3382 civem
1301 3324 1353 3383 at·

157 3436 255 3499 ticam
285 3433 346 3499 rite
377 3431 566 3518 desponsam
599 3433 759 3500 duxerant
789 3441 933 3520 posteros
962 3444 995 3501 et
1019 3434 1232 3502 Athenienses
1253 3438 1351 3523 ipsos.

153 3553 274 3638 Liquet
299 3561 410 3620 tamen
434 3573 472 3619 ex
497 3553 710 3640 Aristophane
723 3554 768 3640 ⁵),
792 3555 889 3620 etiam
914 3556 1019 3640 magis
1043 3575 1118 3622 vero
1138 3576 1176 3622 ex
1197 3555 1352 3624 isocratis

157 3674 225 3739 loeo
248 3672 378 3739 laudato
402 3673 603 3740 Plataeenses
627 3674 831 3760 aliquatenus
856 3683 1019 3762 separatos
1044 3679 1202 3745 mansisse
1225 3697 1244 3742 a
1268 3676 1349 3743 civi·

156 3794 217 3860 bus
236 3794 359 3869 atticis;
380 3795 407 3860 si
426 3795 514 3860 enirn
538 3793 748 3861 Athenienses
767 3794 905 3863 luissent
925 3798 1045 3882 optimo
1063 3798 1151 3877 iure,
1170 3797 1201 3864 id
1215 3797 1350 3884 prolessi

193 4067 223 4131 1)
245 4062 362 4135 Apollod.
383 4060 542 4134 [Demosth]
561 4080 582 4114 c.
603 4065 689 4116 Neacr.
709 4067 831 4134 ptest,
851 4067 865 4134 Ι
887 4068 948 4118 106.

193 4155 222 4222 n)
243 4152 307 4206 rtet.
329 4155 432 4225 pace,
454 4153 468 4220 o
489 4155 533 4204 51.

193 4245 222 4310 3)
242 4240 323 4294 Tlruc.
344 4244 396 4306 ΙΙΙ,
417 4244 453 4292 55
473 4248 499 4292 ct
520 4243 563 4293 63.

193 4328 488 4400 l)130echb‚staatsb.
509 4328 534 4381 d.
556 4328 615 4382 Atb.
639 4332 663 4380 l.
686 4348 707 4401 p.
720 4330 783 4381 366.

193 4424 223 4492 5)
243 4423 344 4488 nonae,
368 4437 402 4473 rs.
424 4420 486 4474 del.
